3638 5332
482 616 1017 669 sustentaturum.
1176 598 1241 666 353

216 795 518 866 commonere,
560 764 739 849 ultiones
779 764 900 850 malis
939 767 1111 868 minari,
1157 764 1279 852 bonis

215 880 398 992 praemia
425 877 638 990 polliceri,
668 899 709 962 et
751 909 774 961 a
815 879 974 964 cunctis
1016 876 1283 983 senioribus,

217 991 491 1106 archangelis,
521 1023 568 1075 ac
598 993 725 1076 totius
756 991 930 1076 militiae
961 992 1146 1078 caelestis
1170 1023 1284 1076 exer-

216 1105 304 1188 citu
332 1135 430 1188 cum
459 1129 637 1190 tremore
667 1107 851 1190 maximo
889 1106 1133 1219 suppliciter
1171 1103 1280 1188 ado-

215 1218 318 1302 rari:
349 1239 391 1302 et
419 1218 500 1302 hoc
531 1219 614 1304 illis
644 1249 732 1302 esse
762 1220 1034 1332 praecipuum
1064 1247 1111 1301 ac
1140 1219 1280 1333 singu-

215 1330 300 1415 lare
329 1332 571 1452 negotium²
600 1330 773 1448 gloriam
803 1353 967 1416 sanctae
998 1331 1192 1416 trinitatis
1222 1333 1284 1414 in-

216 1441 422 1558 fatigabili
452 1475 616 1558 semper
637 1443 859 1530 devotione
882 1446 1111 1528 concinere.

273 1561 313 1642 6.
346 1557 562 1672 intelleget
592 1589 765 1676 quoque
795 1558 1004 1643 mundum
1034 1559 1165 1642 istum
1195 1558 1283 1643 eius

217 1671 395 1783 imperio
426 1671 677 1785 gubernari,
707 1693 749 1754 et
780 1672 823 1756 in
853 1667 936 1754 fine
966 1671 1120 1757 saeculi
1152 1702 1285 1786 quan-

216 1781 273 1866 do
297 1784 478 1868 voluerit
496 1786 540 1867 in
555 1785 705 1870 melius
725 1783 1051 1869 immutandum.
1074 1786 1197 1868 Tunc
1216 1815 1287 1867 an·

216 1897 318 2012 gelis
348 1897 450 1983 tuba
480 1898 722 1984 canentibus
763 1899 917 1982 mortui
958 1918 1199 2010 resurgent3
1242 1919 1286 1982 et

216 2013 260 2094 in
289 2011 474 2094 novitate
508 2012 618 2096 vitae
659 2011 920 2126 separabitur
958 2041 1086 2128 genus
1125 2007 1283 2094 huma-

215 2154 346 2227 num,
375 2122 494 2240 quod
524 2124 647 2239 longa
675 2145 879 2210 vetustate
908 2122 1042 2207 suerat
1065 2123 1280 2238 consepul-

214 2259 320 2322 tum.
353 2236 445 2348 lpse
482 2237 677 2322 terribilis
717 2268 917 2355 quoque,
957 2266 1004 2320 ac
1045 2235 1281 2320 metuendis

217 2350 409 2435 tonitruis
438 2349 770 2468 fulminibusque
800 2352 1060 2464 praemissis,
1089 2348 1286 2436 destruc-

214 2485 259 2547 to
289 2465 522 2581 iniquitatis
551 2459 662 2566 filio,
692 2465 897 2549 mundum
927 2463 1184 2548 iudicaturus
1214 2461 1284 2545 ad·

215 2579 382 2682 veniet,
421 2575 638 2690 patefactis
675 2579 904 2662 virtutibus
944 2579 1054 2681 suis,
1094 2605 1200 2693 quas
1241 2577 1286 2660 in

214 2691 352 2804 primo
383 2689 564 2776 adventu
593 2689 767 2804 provida
789 2692 1099 2805 dispensatione
1128 2692 1283 2806 passim

217 2835 303 2887 non
332 2803 518 2890 decrevit
538 2803 771 2890 ostendere.
794 2805 895 2894 Post
917 2805 1131 2920 intelleget
1153 2834 1285 2920 quan-

216 2918 269 3002 tis
299 2915 513 3002 laboribus
543 2938 587 3001 et
608 2917 919 3003 calamitatibus
944 2918 1135 3004 absoluta
1157 2918 1200 3000 in
1224 2949 1289 3002 ae-

217 3051 385 3114 ternum
416 3061 513 3114 cum
542 3031 730 3117 Domino
758 3033 939 3116 laetetur
967 3031 1164 3134 ecclesia3
1204 3061 1288 3148 qua

217 3143 375 3228 iustitia
405 3173 501 3226 cum
531 3143 702 3228 diabolo
763 3167 904 3229 creant
932 3146 1008 3261 qui
1030 3145 1118 3229 eius
1141 3147 1286 3230 iussio·

216 3255 341 3342 nibus
372 3257 673 3342 obsecundant.
705 3175 764 3340 Eut
803 3279 906 3341 tunc
937 3259 1098 3342 animus
1137 3285 1287 3374 magna

218 3369 475 3456 exultatione
497 3371 729 3485 saginatur,
781 3370 921 3454 uando
943 3397 1081 3453 rerum
1104 3370 1289 3482 ipsarum

219 3479 350 3567 suerit
371 3485 630 3598 inspectione
653 3401 899 3598 compdetns.
921 3484 1016 3568 Erit
1046 3484 1174 3566 etiam
1195 3507 1291 3596 post

222 3591 351 3698 haec,
381 3599 491 3682 sicut
519 3598 721 3710 scriptum
752 3619 842 3700 est,
871 3597 1034 3680 caelum
1065 3625 1220 3681 novum
1250 3618 1293 3682 et

221 3727 329 3790 terra
361 3739 481 3793 nova.
513 3709 646 3816 Quod
674 3712 708 3795 si
738 3709 866 3794 modo
894 3707 975 3794 fixe
1004 3730 1131 3826 atque
1159 3710 1292 3796 invio-

215 3818 400 3905 labiliter
429 3821 664 3926 credimus,
686 3822 739 3908 ad
760 3824 876 3906 illam
896 3823 1073 3938 gloriam
1092 3845 1290 3910 contuen-

218 3930 316 4017 dam
350 3934 505 4020 Christi
535 3967 706 4022 munere
737 3939 1044 4050 perveniemus.

905 4069 957 4152 23
