3630 5334
493 691 538 742 nr
557 685 720 738 uoconmr
739 683 844 734 surr.
860 683 1111 737 ursrrncrrorur.
1225 673 1292 766 329

258 875 349 930 mas
401 875 500 928 voro
531 845 635 929 ·llll·
672 839 1000 926 circumstantias
1029 841 1180 926 Cicero
1211 848 1341 959 pouit

260 959 515 1072 ingestione
550 957 753 1073 negotii,
789 983 897 1071 quae
930 971 993 1038 cst
1021 955 1203 1042 secunda
1237 989 1332 1073 pars

261 1071 559 1156 attributorum
586 1071 763 1186 negotiis
785 1127 796 1149 .
820 1067 878 1152 Et
913 1096 1006 1151 cam
1039 1066 1213 1186 quidem
1245 1074 1333 1156 cir-

263 1187 594 1287 cumstantiam,
623 1213 730 1301 quae
761 1203 824 1266 cst
856 1177 1066 1300 quando,
1101 1180 1257 1271 dividit
1287 1187 1333 1268 in

262 1319 464 1412 tempus,
493 1321 542 1382 ut
572 1319 694 1381 nocte
723 1294 857 1398 fecit3
888 1316 931 1378 et
960 1294 1004 1376 in
1039 1299 1333 1406 occasionem,

262 1434 312 1495 ut
334 1413 493 1498 cunctis
515 1409 832 1495 dormientibus.
853 1407 943 1496 Ubi
964 1437 1063 1492 vero
1087 1437 1138 1492 ex
1159 1411 1335 1496 circum-

261 1525 423 1609 stantiis
458 1524 600 1608 locum
629 1523 774 1627 dicit,
807 1521 931 1604 utin
963 1520 1158 1606 cubiculo
1196 1522 1332 1610 fecit.

263 1635 492 1746 Quomodo
517 1667 653 1739 vero,
690 1667 740 1721 ex
765 1635 1089 1720 circumstantiis
1120 1637 1333 1746 modum,

261 1775 309 1836 ut
337 1749 444 1833 clam
473 1748 583 1834 fecit.
616 1751 785 1859 Quibus
817 1747 978 1832 auxiliis
1011 1806 1026 1850 ‚
1063 1779 1114 1833 cx
1146 1750 1337 1836 circum-

264 1864 426 1950 stantiis
459 1863 700 1949 facultatem
734 1861 951 1976 appellat,
979 1881 1028 1944 ut
1056 1890 1156 1946 cum
1200 1865 1336 1951 multo

268 1999 466 2062 exercrtu.

321 2090 348 2174 3
378 2088 461 2175 Sed
501 2123 553 2176 ne
578 2089 624 2176 id
659 2086 779 2208 quod
813 2085 977 2170 dictum
1019 2104 1082 2171 cst
1113 2085 1218 2172 dum
1251 2084 1339 2197 fit,

267 2201 380 2288 idem
416 2226 590 2317 putetur
631 2234 719 2290 esse
767 2221 811 2284 ct
854 2199 900 2282 id
930 2199 1046 2317 quod
1082 2219 1146 2285 est
1177 2203 1221 2286 in
1257 2233 1338 2320 ge—

269 2320 402 2404 stionc
423 2348 476 2400 ne
504 2319 578 2402 otii
601 2376 615 2422 ,
639 2317 741 2401 baec
757 2313 952 2400 discretio
973 2333 1036 2398 est
1057 2373 1072 2417 ‚
1099 2315 1215 2430 quod
1234 2314 1338 2402 dum

270 2427 353 2533 fit,
390 2349 504 2516 illud
539 2453 602 2515 est
649 2428 766 2548 quod
798 2458 848 2511 eo
884 2449 1072 2542 tempore
1108 2427 1338 2518 admissum

268 2567 330 2631 est
361 2544 465 2628 dum
494 2543 654 2632 facinus
688 2561 984 2674 perpetratur,
1008 2561 1060 2625 ut
1091 2547 1337 2660 percussio.

269 2661 317 2744 ln
332 2659 518 2856 gestione
546 2689 645 2743 vero
672 2678 830 2772 negotu
857 2685 904 2740 ea
926 2675 1173 2776 sunt‚quae
1202 2679 1245 2744 et
1272 2689 1343 2740 an-

271 2795 313 2856 te
351 2792 521 2874 actum,
546 2793 589 2856 ct
609 2770 713 2856 dum
736 2769 812 2872 fit,
833 2788 991 2884 etpost
1013 2767 1198 2878 factum,
1219 2769 1342 2889 quod

272 2907 437 3000 gestum
464 2906 527 2970 cst
549 2887 802 2970 contineant·
821 2887 870 2969 lu
890 2883 1085 2969 omuibus
1104 2885 1216 2970 enim
1238 2907 1344 2968 tem·

270 3030 381 3112 pus,
403 3001 600 3094 occasio,
635 3000 781 3102 locus,
815 2995 965 3084 modus
991 3055 1004 3101 ,
1031 2996 1241 3105 facultas,
1271 2999 1343 3082 in-

272 3113 464 3230 quiritur.
480 3114 635 3198 Rursus
661 3111 766 3196 dum
787 3109 865 3216 fit,
884 3111 1043 3196 sactum
1065 3134 1128 3198 est
1153 3144 1239 3231 quo
1262 3109 1344 3195 ad-

273 3225 558 3310 ministratum
586 3249 649 3310 est
677 3228 907 3341 negotium.
945 3225 1068 3336 Quae
1110 3257 1208 3311 vero
1245 3244 1344 3311 sunt

271 3338 316 3422 in
365 3341 550 3454 gestione
591 3342 785 3456 negotii,
812 3371 896 3423 non
937 3361 1034 3424 sunt
1083 3336 1192 3423 facta
1222 3397 1235 3443 ,
1270 3335 1344 3423 sed

273 3449 382 3533 facto
411 3451 704 3548 adhaerentia,
739 3475 781 3539 et
815 3452 1132 3570 quodammodo
1156 3454 1344 3538 subiecta

276 3565 354 3677 ipsi
390 3565 510 3681 quod
546 3587 710 3684 gestum
747 3589 810 3654 est
837 3571 1038 3683 negotio.
1069 3567 1261 3681 Amplius
1297 3593 1345 3648 ea

277 3709 386 3793 quae
408 3682 568 3765 suntin
596 3683 779 3795 gestione
801 3682 985 3798 negotii,
1018 3683 1107 3768 sine
1144 3680 1209 3766 bis
1234 3707 1345 3800 quue

276 3809 374 3873 sunt
395 3793 650 3878 continentia
672 3824 772 3879 cum
800 3797 893 3908 ipso
913 3799 1108 3914 negotio,
1129 3827 1217 3881 esse
1247 3819 1346 3910 pos-

277 3925 390 3987 sunt.
415 3905 488 3988 llla
514 3937 611 3991 vero
641 3910 727 3992 sine
750 3907 814 4026 (ι)
833 3911 896 3996 his
919 3939 1007 3998 csse
1035 3941 1119 3996 nou
1139 3926 1341 4026 possunt:

350 4087 390 4160 (r)
408 4087 487 4144 licat
505 4091 564 4144 siue
585 4089 612 4144 in
629 4092 687 4146 cod.
