3666 5338
488 650 532 719 90
779 622 1147 698 ruuocurnurus

479 815 549 869 quse
582 813 675 868 graece
711 799 786 872 ὄρτυξ
828 808 950 852 vocetur.
1011 799 1088 857 titur.
1107 800 1210 855 Mithra
1229 813 1348 856 vocetur.
1358 800 1399 856 lbi
1413 802 1484 856 enirn

481 885 797 944 Deloesutemdieitur.
816 885 882 956 quic
909 885 956 938 din
1012 888 1051 942 sol
1071 889 1155 942 leonis
1175 890 1272 948 vultu.
1300 907 1359 943 ciun
1400 891 1493 948 ticru.

482 973 585 1030 latuit.
606 986 713 1046 etpost
733 975 868 1048 apparuit.
889 974 957 1027 llum
1012 975 1113 1048 persico
1143 977 1244 1033 cultu.
1272 975 1335 1031 bovi
1367 976 1490 1030 insidens

482 1068 558 1126 δνίλον
575 1081 667 1130 graece
696 1063 864 1119 maulimtum
884 1063 955 1117 dici·
1011 1064 1138 1134 utrisque
1157 1061 1280 1118 menibus
1309 1080 1408 1118 coruus
1427 1062 1489 1116 eius

482 1167 533 1208 tur.
552 1153 603 1206 Vel
620 1154 694 1223 quod
705 1153 794 1208 verius
811 1163 868 1210 est.
887 1150 953 1221 quie
1006 1151 1167 1222 comprimlt3
1175 1168 1245 1222 quus
1253 1149 1442 1222 interpretatio
1454 1147 1489 1202 cd

482 1261 541 1294 curn
561 1243 662 1312 ubique
680 1241 810 1313 Apollinis
830 1255 954 1312 response
1011 1237 1100 1292 lunum
1115 1239 1251 1310 pertinet.
1269 1237 1376 1291 Dicitur
1399 1247 1490 1288 nutent

481 1331 594 1384 obscure
621 1329 694 1386 sint.
727 1327 868 1382 mnniieste
898 1327 953 1380 illic
1010 1322 1489 1396 Apollo.quodlstinesonstperdens2

483 1419 582 1472 dantur
599 1417 714 1471 oracula.

533 1593 573 1650 ¹8·
593 1595 632 1649 Dc
650 1594 752 1666 triplici
766 1592 898 1666 Apollinis

642 1693 784 1754 potente·

518 1805 658 1921 Constat
677 1871 764 1914 nutem
783 1858 897 1930 triplicis
915 1876 953 1914 es·

483 1967 511 2002 so
539 1949 691 2021 Apollinem
724 1947 890 2020 potestatis3
924 1958 952 2014 et

484 2037 596 2090 eundem
613 2053 671 2090 esse
688 2037 767 2090 solem
786 2035 859 2106 apud
871 2053 954 2106 supe-

484 2144 544 2189 rest
564 2125 688 2180 Liberum
701 2136 801 2196 putrem
817 2123 844 2176 in
857 2123 953 2188 terrim

485 2211 633 2284 Apollinem
656 2213 727 2284 spud
755 2209 859 2266 inferos.
879 2210 956 2264 Unde

483 2301 565 2354 etism
584 2301 636 2354 tris
663 2300 779 2368 insignia
804 2301 874 2354 circs
897 2299 956 2354 eius

484 2390 654 2443 simulacrum
684 2389 826 2452 videmus3
851 2388 956 2458 lyram.

486 2497 555 2550 quse
573 2479 650 2533 nohis
669 2477 790 2532 caelestis
802 2477 957 2531 harmoniae

486 2566 627 2634 imaginem
664 2575 809 2627 monstret3
843 2563 957 2634 quadri·

486 2671 544 2722 gam
564 2651 621 2724 (r).
642 2671 711 2723 quse
729 2651 811 2705 etium
824 2661 957 2706 terrenum

486 2757 582 2793 numen
600 2739 735 2801 ostendit;
748 2739 878 2806 sigillus,
897 2741 957 2810 qui·

484 2827 538 2881 bur
557 2827 653 2881 inlerni
672 2827 737 2880 deus
755 2837 783 2880 et
801 2829 897 2880 noxius
907 2827 954 2880 in·-

1008 1415 1065 1468 sive
1079 1414 1152 1484 quod
1174 1415 1342 1486 pestilentiae
1355 1413 1419 1466 deus
1432 1411 1488 1468 sit.

1007 1499 1064 1554 sive
1080 1505 1145 1572 quic
1155 1501 1256 1556 fervore
1270 1519 1318 1556 sno
1328 1519 1433 1556 ornnem
1447 1517 1491 1554 eu·

1006 1603 1067 1642 cum
1089 1587 1227 1642 herborum
1247 1588 1353 1660 perdat.
1370 1589 1448 1644 llunc
1462 1597 1491 1642 et

1007 1676 1194 1746 erupiciorunr.
1205 1675 1389 1748 quibnsurbes
1400 1692 1492 1744 regun-

1006 1775 1068 1822 tur.
1083 1777 1111 1820 et
1123 1767 1299 1822 divinationis
1319 1765 1396 1820 deum
1413 1765 1493 1818 dixe·

1006 1862 1080 1912 runis
1089 1854 1162 1922 quod
1169 1854 1302 1908 colomnis
1311 1852 1422 1908 obscure
1431 1869 1489 1906 me·

1007 1940 1130 2001 nilestrh
1151 1945 1192 1998 rel
1211 1944 1284 2014 quod
1294 1944 1322 1996 in
1332 1953 1391 1998 ortu
1403 1961 1451 1996 suo
1462 1953 1490 1996 et

1009 2050 1103 2088 ocetsu
1124 2034 1294 2089 multimodos
1308 2045 1437 2088 monstrat
1447 2033 1488 2088 el-

1009 2121 1337 2191 lectussigniilcstionum.
1346 2123 1430 2176 'l'iten
1442 2139 1489 2174 su·

1012 2222 1064 2265 tem
1076 2213 1177 2264 dieitur
1195 2211 1305 2284 Apollo.
1324 2211 1404 2282 qussi
1416 2229 1486 2264 nnus

1012 2315 1044 2351 ex
1051 2298 1205 2358 Titanibus,
1214 2299 1263 2370 qui
1273 2299 1435 2354 contradens
1445 2315 1491 2350 ar-

1013 2405 1057 2440 ms
1068 2399 1252 2460 sumpserunt:
1272 2389 1321 2459 qui
1341 2405 1402 2441 cum
1419 2387 1488 2442 bello

1015 2487 1108 2529 contra
1140 2476 1204 2531 deos
1230 2475 1422 2534 abstinuisset.
1440 2493 1489 2548 pro

1016 2561 1146 2617 beneflcio
1166 2566 1266 2618 eretum
1285 2563 1412 2618 meruisse
1429 2579 1489 2616 con·

1015 2654 1132 2720 lingitur.
1141 2654 1182 2707 Sol
1197 2663 1285 2706 sutem
1300 2654 1400 2707 dicitur
1412 2651 1492 2723 qussi

1012 2743 1083 2796 solus
1102 2759 1135 2795 ex
1154 2741 1303 2796 Titanibus
1320 2742 1489 2796 contradens

1017 2851 1091 2886 arms
1120 2851 1172 2888 non
1199 2831 1376 2886 commoverit·
1401 2831 1487 2886 Phoe·

486 2919 600 2972 dicetur.
619 2916 696 2970 Unde
713 2925 740 2969 et
751 2913 846 2986 Apollo
863 2933 957 2986 graece

482 3007 537 3061 lute
555 3005 666 3078 perdens
686 3003 798 3058 dicitur.

1011 2920 1064 2973 bus
1089 2919 1208 2975 dicitur.
1228 2917 1306 2988 qnasi
1333 2916 1488 2990 ephoebus,

1012 3007 1063 3062 hoc
1092 3017 1132 3062 est
1162 3005 1332 3060 sdolesoensr
1359 3005 1432 3059 unde
1457 3017 1486 3060 et

1011 3113 1077 3167 puer
1095 3093 1242 3168 pingitur.
1281 3091 1347 3165 quin
1375 3091 1488 3146 cottidie

1012 3203 1081 3240 nora
1105 3186 1165 3238 luce
1193 3181 1272 3254 qussi
1291 3181 1388 3255 puerili
1406 3181 1485 3235 vultu

1011 3276 1138 3330 nescitur.
1152 3273 1274 3344 Pythius.
1284 3290 1300 3325 c
1312 3271 1433 3342 Pythone
1442 3270 1488 3322 im·

1011 3385 1116 3422 menese
1135 3365 1212 3420 molis
1241 3372 1379 3434 serpmrte.
1404 3375 1483 3429 quem

488 3199 528 3258 ¹9·
546 3185 586 3238 lle
603 3183 660 3240 eius
678 3182 761 3239 striis
774 3181 938 3237 nominibus.

521 3301 576 3414 A
595 3360 709 3415 dirersis
727 3359 852 3429 gentilitus
870 3358 959 3414 seriis

484 3449 869 3522 nominibutrocsturdpollor
885 3451 957 3524 opud
1014 3453 1177 3510 interfecisse
1188 3451 1301 3505 dicitur:
1322 3449 1394 3502 unde
1411 3459 1441 3502 et
1460 3449 1488 3502 in

485 3539 674 3594 Achaemenius
695 3538 797 3603 'lictor
819 3539 889 3610 opud
905 3540 956 3593 Ae·
1011 3545 1069 3600 eius
1099 3545 1224 3598 honorem
1261 3555 1330 3605 egon
1358 3537 1487 3609 pythicus

401 3693 407 3706 ‚
485 3627 589 3698 typllffl
597 3625 693 3689 0³l¹l³3
705 3625 776 3698 n1³¹⁸(¹
789 3627 889 3683 Pefw·
905 3625 953 3679 ubl
1010 3632 1178 3688 celebratur.
1198 3628 1275 3682 cuius
1293 3625 1408 3679 victores
1427 3625 1483 3676 lcu-

484 3714 512 3766 in
531 3724 607 3769 antro
626 3713 738 3770 colitur,
758 3723 867 3784 propter
877 3713 945 3766 ecli-
1008 3737 1038 3772 ro
1069 3727 1230 3774 coronentur
1256 3749 1264 3769 .
1289 3711 1369 3770 liniri
1394 3721 1486 3764 tutent

484 3805 559 3876 prin.
569 3821 649 3875 quem
660 3802 810 3856 obiectione
819 3801 951 3875 lnneepc·
1007 3827 1098 3877 grseee
1115 3808 1260 3864 credulitas
1274 3804 1394 3863 dicitur.
1412 3801 1481 3873 quis

539 4003 578 4068 (t)
595 4003 652 4053 cod.
675 4003 753 4049 scribe
769 4016 845 4053 meunt
861 4019 903 4065 pro
919 3982 1072 4064 qrsadrigaln.
