<?xml version="1.0" encoding="UTF-8"?>
<!DOCTYPE html PUBLIC "-//W3C//DTD XHTML 1.0 Transitional//EN"
    "http://www.w3.org/TR/xhtml1/DTD/xhtml1-transitional.dtd">
<html xmlns="http://www.w3.org/1999/xhtml" xml:lang="en" lang="en">
 <head>
  <title>
</title>
<meta http-equiv="Content-Type" content="text/html;charset=utf-8" />
  <meta name='ocr-system' content='tesseract 3.04.00' />
  <meta name='ocr-capabilities' content='ocr_page ocr_carea ocr_par ocr_line ocrx_word'/>
</head>
<body>
  <div class='ocr_page' id='page_1' title='image "./classicorumauct01vatigoog_0100.png"; bbox 0 0 3666 5338; ppageno 0'>
   <div class='ocr_carea' id='block_1_1' title="bbox 750 639 1327 732">
    <p class='ocr_par' dir='ltr' id='par_1_1' title="bbox 750 639 1327 732">
     <span class='ocr_line' id='line_1_1' title="bbox 750 639 1327 732; baseline 0.005 -27"><span class='ocrx_word' id='word_1_1' title='bbox 750 641 874 706; x_wconf 75' lang='lat' dir='ltr'><strong>treus</strong></span> <span class='ocrx_word' id='word_1_2' title='bbox 898 639 940 705; x_wconf 73' lang='grc' dir='ltr'><strong>Π.</strong></span> <span class='ocrx_word' id='word_1_3' title='bbox 1285 643 1327 732; x_wconf 75' lang='lat'><strong>⁵9</strong></span> 
     </span>
    </p>
   </div>
   <div class='ocr_carea' id='block_1_2' title="bbox 334 807 806 1478">
    <p class='ocr_par' dir='ltr' id='par_1_2' title="bbox 334 807 806 1478">
     <span class='ocr_line' id='line_1_2' title="bbox 337 807 806 866; baseline -0.019 -1"><span class='ocrx_word' id='word_1_4' title='bbox 337 827 364 865; x_wconf 88' lang='lat' dir='ltr'><strong>te</strong></span> <span class='ocrx_word' id='word_1_5' title='bbox 377 811 457 866; x_wconf 81' lang='lat' dir='ltr'><strong>boves</strong></span> <span class='ocrx_word' id='word_1_6' title='bbox 473 809 576 866; x_wconf 81' lang='lat' dir='ltr'><strong>secuti.</strong></span> <span class='ocrx_word' id='word_1_7' title='bbox 590 825 632 862; x_wconf 87' lang='lat' dir='ltr'><strong>eos</strong></span> <span class='ocrx_word' id='word_1_8' title='bbox 645 807 760 860; x_wconf 85' lang='lat' dir='ltr'><strong>stimulis</strong></span> <span class='ocrx_word' id='word_1_9' title='bbox 773 807 806 857; x_wconf 88' lang='lat' dir='ltr'><strong>ad</strong></span> 
     </span>
     <span class='ocr_line' id='line_1_3' title="bbox 336 895 805 954; baseline -0.013 -1"><span class='ocrx_word' id='word_1_10' title='bbox 336 911 408 954; x_wconf 86' lang='lat' dir='ltr'><strong>tecta</strong></span> <span class='ocrx_word' id='word_1_11' title='bbox 435 907 600 952; x_wconf 84' lang='lat' dir='ltr'><strong>revocarunt.</strong></span> <span class='ocrx_word' id='word_1_12' title='bbox 626 897 674 950; x_wconf 89' lang='lat' dir='ltr'><strong>Sed</strong></span> <span class='ocrx_word' id='word_1_13' title='bbox 699 896 727 948; x_wconf 90' lang='lat' dir='ltr'><strong>hi</strong></span> <span class='ocrx_word' id='word_1_14' title='bbox 754 895 805 950; x_wconf 85' lang='lat' dir='ltr'><strong>visi</strong></span> 
     </span>
     <span class='ocr_line' id='line_1_4' title="bbox 338 987 805 1041; baseline -0.004 -1"><span class='ocrx_word' id='word_1_15' title='bbox 338 1001 387 1041; x_wconf 89' lang='lat' dir='ltr'><strong>aut</strong></span> <span class='ocrx_word' id='word_1_16' title='bbox 410 1006 469 1040; x_wconf 85' lang='lat' dir='ltr'><strong>curn</strong></span> <span class='ocrx_word' id='word_1_17' title='bbox 498 989 569 1041; x_wconf 87' lang='lat' dir='ltr'><strong>irent</strong></span> <span class='ocrx_word' id='word_1_18' title='bbox 593 987 733 1041; x_wconf 82' lang='lat' dir='ltr'><strong>velociter.</strong></span> <span class='ocrx_word' id='word_1_19' title='bbox 759 995 805 1038; x_wconf 84' lang='lat' dir='ltr'><strong>aut</strong></span> 
     </span>
     <span class='ocr_line' id='line_1_5' title="bbox 337 1074 805 1144; baseline 0.002 -18"><span class='ocrx_word' id='word_1_20' title='bbox 337 1090 398 1128; x_wconf 83' lang='lat' dir='ltr'><strong>cnm</strong></span> <span class='ocrx_word' id='word_1_21' title='bbox 415 1091 505 1128; x_wconf 86' lang='lat' dir='ltr'><strong>corum</strong></span> <span class='ocrx_word' id='word_1_22' title='bbox 524 1075 591 1144; x_wconf 85' lang='lat' dir='ltr'><strong>equi</strong></span> <span class='ocrx_word' id='word_1_23' title='bbox 617 1074 687 1125; x_wconf 89' lang='lat' dir='ltr'><strong>circa</strong></span> <span class='ocrx_word' id='word_1_24' title='bbox 711 1075 805 1126; x_wconf 84' lang='lat' dir='ltr'><strong>flumen</strong></span> 
     </span>
     <span class='ocr_line' id='line_1_6' title="bbox 335 1158 805 1233; baseline -0.006 -18"><span class='ocrx_word' id='word_1_25' title='bbox 335 1163 450 1216; x_wconf 80' lang='lat' dir='ltr'>Peneum</span> <span class='ocrx_word' id='word_1_26' title='bbox 467 1173 591 1233; x_wconf 87' lang='lat' dir='ltr'><strong>poterent</strong></span> <span class='ocrx_word' id='word_1_27' title='bbox 609 1158 743 1231; x_wconf 78' lang='lat' dir='ltr'><strong>capitibus</strong></span> <span class='ocrx_word' id='word_1_28' title='bbox 762 1162 805 1212; x_wconf 90' lang='lat' dir='ltr'><strong>in-</strong></span> 
     </span>
     <span class='ocr_line' id='line_1_7' title="bbox 335 1249 804 1322; baseline -0.009 -18"><span class='ocrx_word' id='word_1_29' title='bbox 335 1252 457 1309; x_wconf 81' lang='lat' dir='ltr'><strong>clinatis.</strong></span> <span class='ocrx_word' id='word_1_30' title='bbox 483 1251 569 1322; x_wconf 73' lang='lat' dir='ltr'><strong>iocum</strong></span> <span class='ocrx_word' id='word_1_31' title='bbox 595 1249 699 1302; x_wconf 82' lang='lat' dir='ltr'><strong>fabulae</strong></span> <span class='ocrx_word' id='word_1_32' title='bbox 723 1249 804 1300; x_wconf 81' lang='lat' dir='ltr'><strong>dedc-</strong></span> 
     </span>
     <span class='ocr_line' id='line_1_8' title="bbox 334 1338 804 1397; baseline -0.004 -5"><span class='ocrx_word' id='word_1_33' title='bbox 334 1352 413 1397; x_wconf 84' lang='lat' dir='ltr'><strong>runt.</strong></span> <span class='ocrx_word' id='word_1_34' title='bbox 427 1351 457 1393; x_wconf 90' lang='lat' dir='ltr'><strong>ut</strong></span> <span class='ocrx_word' id='word_1_35' title='bbox 470 1339 590 1394; x_wconf 80' lang='lat' dir='ltr'>centauri</span> <span class='ocrx_word' id='word_1_36' title='bbox 604 1357 661 1392; x_wconf 86' lang='lat' dir='ltr'><strong>esse</strong></span> <span class='ocrx_word' id='word_1_37' title='bbox 673 1338 804 1390; x_wconf 85' lang='lat' dir='ltr'><strong>crederen-</strong></span> 
     </span>
     <span class='ocr_line' id='line_1_9' title="bbox 337 1437 392 1478; baseline -0.055 0"><span class='ocrx_word' id='word_1_38' title='bbox 337 1437 392 1478; x_wconf 84' lang='lat' dir='ltr'><strong>tur.</strong></span> 
     </span>
    </p>
   </div>
   <div class='ocr_carea' id='block_1_3' title="bbox 376 1601 768 1668">
    <p class='ocr_par' dir='ltr' id='par_1_3' title="bbox 376 1601 768 1668">
     <span class='ocr_line' id='line_1_10' title="bbox 376 1601 768 1668; baseline -0.008 -11"><span class='ocrx_word' id='word_1_39' title='bbox 376 1601 435 1668; x_wconf 69' lang='lat'><strong>164.</strong></span> <span class='ocrx_word' id='word_1_40' title='bbox 447 1603 604 1657; x_wconf 75' lang='lat' dir='ltr'><strong>Phoenissae</strong></span> <span class='ocrx_word' id='word_1_41' title='bbox 617 1602 768 1655; x_wconf 86' lang='lat' dir='ltr'><strong>sacerdotis·</strong></span> 
     </span>
    </p>
   </div>
   <div class='ocr_carea' id='block_1_4' title="bbox 293 1721 805 2440">
    <p class='ocr_par' dir='ltr' id='par_1_4' title="bbox 293 1721 805 2440">
     <span class='ocr_line' id='line_1_11' title="bbox 372 1721 804 1850; baseline -0.005 -18"><span class='ocrx_word' id='word_1_42' title='bbox 372 1721 539 1833; x_wconf 86' lang='lat' dir='ltr'><strong>Phoenissa</strong></span> <span class='ocrx_word' id='word_1_43' title='bbox 558 1779 662 1850; x_wconf 78' lang='lat' dir='ltr'>Dryope</span> <span class='ocrx_word' id='word_1_44' title='bbox 684 1777 804 1830; x_wconf 74' lang='lat' dir='ltr'><strong>sacerdos</strong></span> 
     </span>
     <span class='ocr_line' id='line_1_12' title="bbox 335 1863 805 1936; baseline -0.004 -18"><span class='ocrx_word' id='word_1_45' title='bbox 335 1877 392 1918; x_wconf 85' lang='lat' dir='ltr'><strong>eret</strong></span> <span class='ocrx_word' id='word_1_46' title='bbox 410 1865 498 1918; x_wconf 83' lang='lat' dir='ltr'><strong>Liberi</strong></span> <span class='ocrx_word' id='word_1_47' title='bbox 524 1867 623 1936; x_wconf 86' lang='lat' dir='ltr'><strong>patris.</strong></span> <span class='ocrx_word' id='word_1_48' title='bbox 650 1882 719 1934; x_wconf 86' lang='lat' dir='ltr'><strong>quae</strong></span> <span class='ocrx_word' id='word_1_49' title='bbox 746 1863 805 1916; x_wconf 81' lang='lat' dir='ltr'><strong>fur-</strong></span> 
     </span>
     <span class='ocr_line' id='line_1_13' title="bbox 336 1949 802 2020; baseline -0.004 -16"><span class='ocrx_word' id='word_1_50' title='bbox 336 1952 385 2004; x_wconf 90' lang='lat' dir='ltr'><strong>tim</strong></span> <span class='ocrx_word' id='word_1_51' title='bbox 397 1951 506 2020; x_wconf 80' lang='lat' dir='ltr'><strong>gravida</strong></span> <span class='ocrx_word' id='word_1_52' title='bbox 521 1949 606 2009; x_wconf 84' lang='lat' dir='ltr'><strong>iacta.</strong></span> <span class='ocrx_word' id='word_1_53' title='bbox 620 1951 682 2003; x_wconf 89' lang='lat' dir='ltr'><strong>dum</strong></span> <span class='ocrx_word' id='word_1_54' title='bbox 698 1963 802 2004; x_wconf 81' lang='lat' dir='ltr'><strong>taurum</strong></span> 
     </span>
     <span class='ocr_line' id='line_1_14' title="bbox 337 2038 802 2095; baseline 0.002 -4"><span class='ocrx_word' id='word_1_55' title='bbox 337 2040 521 2095; x_wconf 84' lang='lat' dir='ltr'><strong>immolandum</strong></span> <span class='ocrx_word' id='word_1_56' title='bbox 541 2043 574 2093; x_wconf 82' lang='lat' dir='ltr'><strong>ad</strong></span> <span class='ocrx_word' id='word_1_57' title='bbox 593 2057 664 2092; x_wconf 84' lang='lat' dir='ltr'><strong>aratu</strong></span> <span class='ocrx_word' id='word_1_58' title='bbox 679 2038 802 2092; x_wconf 86' lang='lat' dir='ltr'><strong>cornibus</strong></span> 
     </span>
     <span class='ocr_line' id='line_1_15' title="bbox 293 2125 804 2198; baseline 0 -20"><span class='ocrx_word' id='word_1_59' title='bbox 293 2179 297 2190; x_wconf 74' lang='grc'>,</span> <span class='ocrx_word' id='word_1_60' title='bbox 337 2127 484 2198; x_wconf 78' lang='lat' dir='ltr'><strong>protrahit.</strong></span> <span class='ocrx_word' id='word_1_61' title='bbox 502 2127 591 2181; x_wconf 88' lang='lat' dir='ltr'><strong>oneris</strong></span> <span class='ocrx_word' id='word_1_62' title='bbox 610 2125 710 2182; x_wconf 86' lang='lat' dir='ltr'><strong>oblita.</strong></span> <span class='ocrx_word' id='word_1_63' title='bbox 730 2145 804 2198; x_wconf 87' lang='lat' dir='ltr'><strong>prop·</strong></span> 
     </span>
     <span class='ocr_line' id='line_1_16' title="bbox 337 2216 803 2274; baseline 0.006 -9"><span class='ocrx_word' id='word_1_64' title='bbox 337 2223 377 2265; x_wconf 86' lang='lat' dir='ltr'><strong>ter</strong></span> <span class='ocrx_word' id='word_1_65' title='bbox 396 2216 504 2268; x_wconf 84' lang='lat' dir='ltr'><strong>nimiam</strong></span> <span class='ocrx_word' id='word_1_66' title='bbox 522 2217 579 2268; x_wconf 87' lang='lat' dir='ltr'><strong>eius</strong></span> <span class='ocrx_word' id='word_1_67' title='bbox 604 2216 803 2274; x_wconf 85' lang='lat' dir='ltr'><strong>lassitudinem.</strong></span> 
     </span>
     <span class='ocr_line' id='line_1_17' title="bbox 337 2299 803 2358; baseline 0.009 -8"><span class='ocrx_word' id='word_1_68' title='bbox 337 2299 424 2354; x_wconf 83' lang='lat' dir='ltr'><strong>inians</strong></span> <span class='ocrx_word' id='word_1_69' title='bbox 442 2313 547 2354; x_wconf 83' lang='lat' dir='ltr'><strong>coactus</strong></span> <span class='ocrx_word' id='word_1_70' title='bbox 564 2303 664 2355; x_wconf 77' lang='lat' dir='ltr'><strong>excidit</strong></span> <span class='ocrx_word' id='word_1_71' title='bbox 684 2303 717 2355; x_wconf 90' lang='lat' dir='ltr'><strong>de</strong></span> <span class='ocrx_word' id='word_1_72' title='bbox 743 2303 803 2358; x_wconf 80' lang='lat' dir='ltr'><strong>rui-</strong></span> 
     </span>
     <span class='ocr_line' id='line_1_18' title="bbox 339 2405 379 2440; baseline -0.1 0"><span class='ocrx_word' id='word_1_73' title='bbox 339 2405 379 2440; x_wconf 75' lang='lat' dir='ltr'><strong>ra,</strong></span> 
     </span>
    </p>
   </div>
   <div class='ocr_carea' id='block_1_5' title="bbox 487 2475 678 2553">
    <p class='ocr_par' dir='ltr' id='par_1_5' title="bbox 487 2475 678 2553">
     <span class='ocr_line' id='line_1_19' title="bbox 487 2475 678 2553; baseline 0.005 -24"><span class='ocrx_word' id='word_1_74' title='bbox 487 2475 546 2532; x_wconf 79' lang='grc'><strong>165.</strong></span> <span class='ocrx_word' id='word_1_75' title='bbox 563 2479 678 2553; x_wconf 82' lang='lat' dir='ltr'><strong>Sisyphi.</strong></span> 
     </span>
    </p>
   </div>
   <div class='ocr_carea' id='block_1_6' title="bbox 336 2598 802 3699">
    <p class='ocr_par' dir='ltr' id='par_1_6' title="bbox 336 2598 802 3699">
     <span class='ocr_line' id='line_1_20' title="bbox 374 2598 800 2730; baseline 0.009 -24"><span class='ocrx_word' id='word_1_76' title='bbox 374 2598 527 2726; x_wconf 77' lang='lat' dir='ltr'><strong>Sisyphus</strong></span> <span class='ocrx_word' id='word_1_77' title='bbox 542 2657 577 2710; x_wconf 91' lang='lat' dir='ltr'><strong>ob</strong></span> <span class='ocrx_word' id='word_1_78' title='bbox 599 2660 650 2712; x_wconf 85' lang='lat' dir='ltr'><strong>hoe</strong></span> <span class='ocrx_word' id='word_1_79' title='bbox 671 2659 719 2712; x_wconf 80' lang='lat' dir='ltr'><strong>tali</strong></span> <span class='ocrx_word' id='word_1_80' title='bbox 739 2675 800 2730; x_wconf 89' lang='lat' dir='ltr'><strong>poe-</strong></span> 
     </span>
     <span class='ocr_line' id='line_1_21' title="bbox 339 2745 802 2817; baseline 0.004 -21"><span class='ocrx_word' id='word_1_81' title='bbox 339 2759 374 2796; x_wconf 78' lang='lat' dir='ltr'><strong>ne</strong></span> <span class='ocrx_word' id='word_1_82' title='bbox 400 2745 554 2802; x_wconf 82' lang='lat' dir='ltr'><strong>multatus.</strong></span> <span class='ocrx_word' id='word_1_83' title='bbox 582 2747 647 2817; x_wconf 88' lang='lat' dir='ltr'><strong>quia</strong></span> <span class='ocrx_word' id='word_1_84' title='bbox 675 2746 802 2814; x_wconf 75' lang='lat' dir='ltr'><strong>Aeginam</strong></span> 
     </span>
     <span class='ocr_line' id='line_1_22' title="bbox 337 2829 801 2908; baseline 0.006 -23"><span class='ocrx_word' id='word_1_85' title='bbox 337 2829 431 2904; x_wconf 67' lang='lat' dir='ltr'><strong>Aesopi</strong></span> <span class='ocrx_word' id='word_1_86' title='bbox 456 2833 536 2886; x_wconf 78' lang='lat' dir='ltr'><strong>fliium</strong></span> <span class='ocrx_word' id='word_1_87' title='bbox 555 2835 674 2908; x_wconf 86' lang='lat' dir='ltr'><strong>Iuppiter</strong></span> <span class='ocrx_word' id='word_1_88' title='bbox 684 2835 801 2898; x_wconf 70' lang='lat' dir='ltr'><strong>amavitt</strong></span> 
     </span>
     <span class='ocr_line' id='line_1_23' title="bbox 339 2921 801 2994; baseline 0.013 -26"><span class='ocrx_word' id='word_1_89' title='bbox 339 2934 449 2992; x_wconf 83' lang='lat' dir='ltr'><strong>canaque</strong></span> <span class='ocrx_word' id='word_1_90' title='bbox 480 2923 583 2976; x_wconf 88' lang='lat' dir='ltr'><strong>custodi</strong></span> <span class='ocrx_word' id='word_1_91' title='bbox 615 2923 699 2994; x_wconf 89' lang='lat' dir='ltr'><strong>patris</strong></span> <span class='ocrx_word' id='word_1_92' title='bbox 736 2921 801 2974; x_wconf 85' lang='lat' dir='ltr'><strong>elam</strong></span> 
     </span>
     <span class='ocr_line' id='line_1_24' title="bbox 338 3009 802 3082; baseline 0.009 -20"><span class='ocrx_word' id='word_1_93' title='bbox 338 3009 486 3080; x_wconf 73' lang='lat' dir='ltr'><strong>sarripoic3</strong></span> <span class='ocrx_word' id='word_1_94' title='bbox 510 3023 537 3064; x_wconf 87' lang='lat' dir='ltr'><strong>et</strong></span> <span class='ocrx_word' id='word_1_95' title='bbox 556 3011 653 3064; x_wconf 82' lang='lat' dir='ltr'><strong>iactum</strong></span> <span class='ocrx_word' id='word_1_96' title='bbox 676 3012 802 3082; x_wconf 72' lang='lat' dir='ltr'><strong>Sisyphus</strong></span> 
     </span>
     <span class='ocr_line' id='line_1_25' title="bbox 339 3093 800 3168; baseline 0.007 -19"><span class='ocrx_word' id='word_1_97' title='bbox 339 3093 470 3150; x_wconf 67' lang='lat' dir='ltr'><strong>censemus</strong></span> <span class='ocrx_word' id='word_1_98' title='bbox 489 3109 546 3155; x_wconf 89' lang='lat' dir='ltr'><strong>est.</strong></span> <span class='ocrx_word' id='word_1_99' title='bbox 564 3097 636 3168; x_wconf 87' lang='lat' dir='ltr'><strong>quod</strong></span> <span class='ocrx_word' id='word_1_100' title='bbox 651 3099 694 3152; x_wconf 88' lang='lat' dir='ltr'><strong>iiic</strong></span> <span class='ocrx_word' id='word_1_101' title='bbox 706 3099 800 3152; x_wconf 87' lang='lat' dir='ltr'><strong>humu-</strong></span> 
     </span>
     <span class='ocr_line' id='line_1_26' title="bbox 340 3183 801 3260; baseline 0.024 -26"><span class='ocrx_word' id='word_1_102' title='bbox 340 3200 374 3234; x_wconf 85' lang='lat' dir='ltr'><strong>na</strong></span> <span class='ocrx_word' id='word_1_103' title='bbox 387 3183 494 3239; x_wconf 87' lang='lat' dir='ltr'><strong>levitate</strong></span> <span class='ocrx_word' id='word_1_104' title='bbox 507 3187 577 3257; x_wconf 82' lang='lat' dir='ltr'><strong>patri</strong></span> <span class='ocrx_word' id='word_1_105' title='bbox 592 3189 728 3258; x_wconf 82' lang='lat' dir='ltr'><strong>quaerenti</strong></span> <span class='ocrx_word' id='word_1_106' title='bbox 744 3207 801 3260; x_wconf 88' lang='lat' dir='ltr'><strong>pro·</strong></span> 
     </span>
     <span class='ocr_line' id='line_1_27' title="bbox 342 3272 801 3334; baseline 0.02 -10"><span class='ocrx_word' id='word_1_107' title='bbox 342 3272 426 3326; x_wconf 85' lang='lat' dir='ltr'><strong>didit:</strong></span> <span class='ocrx_word' id='word_1_108' title='bbox 435 3274 505 3328; x_wconf 89' lang='lat' dir='ltr'><strong>unde</strong></span> <span class='ocrx_word' id='word_1_109' title='bbox 514 3293 605 3328; x_wconf 79' lang='lat' dir='ltr'><strong>saxum</strong></span> <span class='ocrx_word' id='word_1_110' title='bbox 617 3279 673 3331; x_wconf 83' lang='lat' dir='ltr'><strong>sine</strong></span> <span class='ocrx_word' id='word_1_111' title='bbox 683 3280 733 3332; x_wconf 84' lang='lat' dir='ltr'><strong>[inc</strong></span> <span class='ocrx_word' id='word_1_112' title='bbox 741 3297 801 3334; x_wconf 90' lang='lat' dir='ltr'><strong>con·</strong></span> 
     </span>
     <span class='ocr_line' id='line_1_28' title="bbox 338 3367 800 3424; baseline 0.019 -8"><span class='ocrx_word' id='word_1_113' title='bbox 338 3373 380 3416; x_wconf 86' lang='lat' dir='ltr'><strong>tra</strong></span> <span class='ocrx_word' id='word_1_114' title='bbox 395 3375 507 3418; x_wconf 86' lang='lat' dir='ltr'><strong>montem</strong></span> <span class='ocrx_word' id='word_1_115' title='bbox 525 3377 610 3419; x_wconf 84' lang='lat' dir='ltr'><strong>rotare</strong></span> <span class='ocrx_word' id='word_1_116' title='bbox 621 3367 729 3421; x_wconf 85' lang='lat' dir='ltr'><strong>dicitur.</strong></span> <span class='ocrx_word' id='word_1_117' title='bbox 740 3370 800 3424; x_wconf 81' lang='lat' dir='ltr'><strong>Ati-</strong></span> 
     </span>
     <span class='ocr_line' id='line_1_29' title="bbox 339 3451 801 3528; baseline 0.015 -24"><span class='ocrx_word' id='word_1_118' title='bbox 339 3461 385 3504; x_wconf 77' lang='lat' dir='ltr'><strong>ter.</strong></span> <span class='ocrx_word' id='word_1_119' title='bbox 395 3479 411 3494; x_wconf 90' lang='lat'>·</span> <span class='ocrx_word' id='word_1_120' title='bbox 419 3451 547 3525; x_wconf 80' lang='lat' dir='ltr'><strong>Sisyphus</strong></span> <span class='ocrx_word' id='word_1_121' title='bbox 556 3457 648 3525; x_wconf 82' lang='lat' dir='ltr'><strong>estqui</strong></span> <span class='ocrx_word' id='word_1_122' title='bbox 660 3457 730 3528; x_wconf 87' lang='lat' dir='ltr'><strong>apud</strong></span> <span class='ocrx_word' id='word_1_123' title='bbox 739 3457 801 3512; x_wconf 85' lang='lat' dir='ltr'><strong>inse·</strong></span> 
     </span>
     <span class='ocr_line' id='line_1_30' title="bbox 337 3539 802 3616; baseline 0.024 -29"><span class='ocrx_word' id='word_1_124' title='bbox 337 3539 802 3616; x_wconf 83' lang='lat' dir='ltr'><strong>rosiapiderngrandemvolvit.quia</strong></span> 
     </span>
     <span class='ocr_line' id='line_1_31' title="bbox 336 3629 773 3699; baseline 0.018 -19"><span class='ocrx_word' id='word_1_125' title='bbox 336 3629 430 3684; x_wconf 86' lang='lat' dir='ltr'><strong>multos</strong></span> <span class='ocrx_word' id='word_1_126' title='bbox 451 3629 551 3699; x_wconf 79' lang='lat' dir='ltr'><strong>ingenti</strong></span> <span class='ocrx_word' id='word_1_127' title='bbox 572 3649 635 3686; x_wconf 84' lang='lat' dir='ltr'><strong>saxo</strong></span> <span class='ocrx_word' id='word_1_128' title='bbox 659 3637 773 3690; x_wconf 83' lang='lat' dir='ltr'><strong>necavit.</strong></span> 
     </span>
    </p>
   </div>
   <div class='ocr_carea' id='block_1_7' title="bbox 359 3803 765 3884">
    <p class='ocr_par' dir='ltr' id='par_1_7' title="bbox 359 3803 765 3884">
     <span class='ocr_line' id='line_1_32' title="bbox 359 3803 765 3884; baseline 0.01 -24"><span class='ocrx_word' id='word_1_129' title='bbox 359 3803 414 3862; x_wconf 80' lang='lat'>166·</span> <span class='ocrx_word' id='word_1_130' title='bbox 433 3805 579 3862; x_wconf 80' lang='lat' dir='ltr'><strong>Arethusae</strong></span> <span class='ocrx_word' id='word_1_131' title='bbox 597 3823 624 3864; x_wconf 91' lang='lat' dir='ltr'><strong>et</strong></span> <span class='ocrx_word' id='word_1_132' title='bbox 642 3809 765 3884; x_wconf 80' lang='lat' dir='ltr'><strong>Aiphaei.</strong></span> 
     </span>
    </p>
   </div>
   <div class='ocr_carea' id='block_1_8' title="bbox 376 3920 798 4058">
    <p class='ocr_par' dir='ltr' id='par_1_8' title="bbox 376 3920 798 4058">
     <span class='ocr_line' id='line_1_33' title="bbox 376 3920 798 4058; baseline 0.024 -23"><span class='ocrx_word' id='word_1_133' title='bbox 376 3920 537 4038; x_wconf 74' lang='lat' dir='ltr'><strong>Arethusa</strong></span> <span class='ocrx_word' id='word_1_134' title='bbox 554 3987 668 4058; x_wconf 86' lang='lat' dir='ltr'><strong>nympha</strong></span> <span class='ocrx_word' id='word_1_135' title='bbox 686 3987 798 4054; x_wconf 83' lang='lat' dir='ltr'><strong>legitur.</strong></span> 
     </span>
    </p>
   </div>
   <div class='ocr_carea' id='block_1_9' title="bbox 860 805 1332 1500">
    <p class='ocr_par' dir='ltr' id='par_1_9' title="bbox 860 805 1332 1500">
     <span class='ocr_line' id='line_1_34' title="bbox 864 805 1332 878; baseline 0.004 -20"><span class='ocrx_word' id='word_1_136' title='bbox 864 805 1005 858; x_wconf 81' lang='lat' dir='ltr'><strong>venatione</strong></span> <span class='ocrx_word' id='word_1_137' title='bbox 1027 805 1146 878; x_wconf 80' lang='lat' dir='ltr'><strong>expleta.</strong></span> <span class='ocrx_word' id='word_1_138' title='bbox 1161 823 1188 862; x_wconf 88' lang='lat' dir='ltr'><strong>te</strong></span> <span class='ocrx_word' id='word_1_139' title='bbox 1206 805 1294 862; x_wconf 79' lang='lat' dir='ltr'><strong>irrrrc</strong></span> <span class='ocrx_word' id='word_1_140' title='bbox 1305 807 1332 860; x_wconf 85' lang='lat' dir='ltr'><strong>in</strong></span> 
     </span>
     <span class='ocr_line' id='line_1_35' title="bbox 863 895 1327 966; baseline 0.009 -20"><span class='ocrx_word' id='word_1_141' title='bbox 863 895 980 965; x_wconf 83' lang='lat' dir='ltr'><strong>Aipbaeo</strong></span> <span class='ocrx_word' id='word_1_142' title='bbox 1000 895 1120 950; x_wconf 84' lang='lat' dir='ltr'><strong>iiumine:</strong></span> <span class='ocrx_word' id='word_1_143' title='bbox 1141 915 1175 952; x_wconf 79' lang='lat' dir='ltr'><strong>er</strong></span> <span class='ocrx_word' id='word_1_144' title='bbox 1198 913 1251 966; x_wconf 86' lang='lat' dir='ltr'><strong>quc</strong></span> <span class='ocrx_word' id='word_1_145' title='bbox 1270 913 1327 950; x_wconf 83' lang='lat' dir='ltr'><strong>rura</strong></span> 
     </span>
     <span class='ocr_line' id='line_1_36' title="bbox 864 981 1332 1040; baseline 0.011 -9"><span class='ocrx_word' id='word_1_146' title='bbox 864 981 985 1036; x_wconf 83' lang='lat' dir='ltr'><strong>adamata</strong></span> <span class='ocrx_word' id='word_1_147' title='bbox 1002 981 1141 1040; x_wconf 84' lang='lat' dir='ltr'><strong>irrissct.ct</strong></span> <span class='ocrx_word' id='word_1_148' title='bbox 1155 981 1280 1038; x_wconf 84' lang='lat' dir='ltr'><strong>libentem</strong></span> <span class='ocrx_word' id='word_1_149' title='bbox 1295 981 1332 1036; x_wconf 82' lang='lat' dir='ltr'><strong>iu·</strong></span> 
     </span>
     <span class='ocr_line' id='line_1_37' title="bbox 862 1071 1331 1138; baseline 0.011 -16"><span class='ocrx_word' id='word_1_150' title='bbox 862 1071 1086 1138; x_wconf 64' lang='lat' dir='ltr'><strong>pinemacorum</strong></span> <span class='ocrx_word' id='word_1_151' title='bbox 1109 1071 1276 1126; x_wconf 77' lang='lat' dir='ltr'><strong>miseratione</strong></span> <span class='ocrx_word' id='word_1_152' title='bbox 1302 1073 1331 1127; x_wconf 86' lang='lat' dir='ltr'><strong>in</strong></span> 
     </span>
     <span class='ocr_line' id='line_1_38' title="bbox 862 1158 1331 1221; baseline 0.002 -10"><span class='ocrx_word' id='word_1_153' title='bbox 862 1158 958 1214; x_wconf 86' lang='lat' dir='ltr'><strong>iontem</strong></span> <span class='ocrx_word' id='word_1_154' title='bbox 987 1179 1082 1221; x_wconf 83' lang='lat' dir='ltr'><strong>versa.</strong></span> <span class='ocrx_word' id='word_1_155' title='bbox 1100 1160 1207 1215; x_wconf 82' lang='lat' dir='ltr'><strong>secretis</strong></span> <span class='ocrx_word' id='word_1_156' title='bbox 1235 1159 1331 1214; x_wconf 75' lang='lat' dir='ltr'><strong>rrecti-</strong></span> 
     </span>
     <span class='ocr_line' id='line_1_39' title="bbox 860 1245 1329 1320; baseline 0.013 -23"><span class='ocrx_word' id='word_1_157' title='bbox 860 1245 909 1301; x_wconf 89' lang='lat' dir='ltr'><strong>bus</strong></span> <span class='ocrx_word' id='word_1_158' title='bbox 937 1250 970 1302; x_wconf 85' lang='lat' dir='ltr'><strong>ad</strong></span> <span class='ocrx_word' id='word_1_159' title='bbox 995 1249 1111 1304; x_wconf 82' lang='lat' dir='ltr'><strong>Siciliam</strong></span> <span class='ocrx_word' id='word_1_160' title='bbox 1133 1249 1223 1302; x_wconf 79' lang='lat' dir='ltr'><strong>iiuxit:</strong></span> <span class='ocrx_word' id='word_1_161' title='bbox 1249 1265 1329 1320; x_wconf 83' lang='lat' dir='ltr'><strong>qoam</strong></span> 
     </span>
     <span class='ocr_line' id='line_1_40' title="bbox 861 1337 1330 1412; baseline 0.004 -22"><span class='ocrx_word' id='word_1_162' title='bbox 861 1337 959 1391; x_wconf 87' lang='lat' dir='ltr'><strong>dicitur</strong></span> <span class='ocrx_word' id='word_1_163' title='bbox 979 1337 1110 1410; x_wconf 71' lang='lat' dir='ltr'><strong>rhiphaeos</strong></span> <span class='ocrx_word' id='word_1_164' title='bbox 1128 1355 1212 1412; x_wconf 86' lang='lat' dir='ltr'><strong>usque</strong></span> <span class='ocrx_word' id='word_1_165' title='bbox 1234 1337 1267 1393; x_wconf 85' lang='lat' dir='ltr'><strong>ud</strong></span> <span class='ocrx_word' id='word_1_166' title='bbox 1287 1337 1330 1392; x_wconf 83' lang='lat' dir='ltr'><strong>Si·</strong></span> 
     </span>
     <span class='ocr_line' id='line_1_41' title="bbox 861 1425 1097 1500; baseline 0 -22"><span class='ocrx_word' id='word_1_167' title='bbox 861 1425 948 1480; x_wconf 80' lang='lat' dir='ltr'><strong>cilium</strong></span> <span class='ocrx_word' id='word_1_168' title='bbox 968 1427 1097 1500; x_wconf 82' lang='lat' dir='ltr'><strong>persequi.</strong></span> 
     </span>
    </p>
   </div>
   <div class='ocr_carea' id='block_1_10' title="bbox 988 1601 1196 1678">
    <p class='ocr_par' dir='ltr' id='par_1_10' title="bbox 988 1601 1196 1678">
     <span class='ocr_line' id='line_1_42' title="bbox 988 1601 1196 1678; baseline -0.01 -23"><span class='ocrx_word' id='word_1_169' title='bbox 988 1601 1046 1678; x_wconf 78' lang='lat'><strong>167.</strong></span> <span class='ocrx_word' id='word_1_170' title='bbox 1068 1605 1196 1674; x_wconf 86' lang='lat' dir='ltr'><strong>Scyronis.</strong></span> 
     </span>
    </p>
   </div>
   <div class='ocr_carea' id='block_1_11' title="bbox 859 1721 1360 2200">
    <p class='ocr_par' dir='ltr' id='par_1_11' title="bbox 919 1721 933 1752">
     <span class='ocr_line' id='line_1_43' title="bbox 919 1721 933 1752; baseline 0 0"><span class='ocrx_word' id='word_1_171' title='bbox 919 1721 933 1752; x_wconf 70' lang='grc' dir='ltr'><strong>Ὶ</strong></span> 
     </span>
    </p>

    <p class='ocr_par' dir='ltr' id='par_1_12' title="bbox 859 1721 1360 2200">
     <span class='ocr_line' id='line_1_44' title="bbox 898 1721 1360 1846; baseline 0.03 -19"><span class='ocrx_word' id='word_1_172' title='bbox 898 1721 1019 1846; x_wconf 61' lang='lat' dir='ltr'><strong>beyron</strong></span> <span class='ocrx_word' id='word_1_173' title='bbox 1045 1779 1098 1834; x_wconf 82' lang='lat' dir='ltr'><strong>rito</strong></span> <span class='ocrx_word' id='word_1_174' title='bbox 1124 1781 1237 1838; x_wconf 83' lang='lat' dir='ltr'><strong>residens</strong></span> <span class='ocrx_word' id='word_1_175' title='bbox 1264 1803 1327 1840; x_wconf 83' lang='lat' dir='ltr'><strong>sore</strong></span> <span class='ocrx_word' id='word_1_176' title='bbox 1358 1824 1360 1833; x_wconf 87' lang='lat'>·</span> 
     </span>
     <span class='ocr_line' id='line_1_45' title="bbox 862 1869 1328 1934; baseline 0.028 -21"><span class='ocrx_word' id='word_1_177' title='bbox 862 1871 1028 1919; x_wconf 75' lang='lat' dir='ltr'><strong>transeunter</strong></span> <span class='ocrx_word' id='word_1_178' title='bbox 1052 1870 1165 1934; x_wconf 73' lang='lat' dir='ltr'><strong>oricgisse</strong></span> <span class='ocrx_word' id='word_1_179' title='bbox 1192 1869 1273 1926; x_wconf 74' lang='lat' dir='ltr'><strong>fertur</strong></span> <span class='ocrx_word' id='word_1_180' title='bbox 1298 1883 1328 1926; x_wconf 87' lang='lat' dir='ltr'><strong>ut</strong></span> 
     </span>
     <span class='ocr_line' id='line_1_46' title="bbox 859 1952 1327 2032; baseline 0.021 -28"><span class='ocrx_word' id='word_1_181' title='bbox 859 1952 913 2004; x_wconf 88' lang='lat' dir='ltr'><strong>sihi</strong></span> <span class='ocrx_word' id='word_1_182' title='bbox 935 1955 1013 2024; x_wconf 82' lang='lat' dir='ltr'><strong>pedes</strong></span> <span class='ocrx_word' id='word_1_183' title='bbox 1028 1955 1157 2012; x_wconf 80' lang='lat' dir='ltr'><strong>iuvarent:</strong></span> <span class='ocrx_word' id='word_1_184' title='bbox 1178 1959 1327 2032; x_wconf 75' lang='lat' dir='ltr'><strong>synedrium</strong></span> 
     </span>
     <span class='ocr_line' id='line_1_47' title="bbox 860 2039 1328 2118; baseline 0.024 -29"><span class='ocrx_word' id='word_1_185' title='bbox 860 2039 976 2093; x_wconf 84' lang='lat' dir='ltr'><strong>iacerent</strong></span> <span class='ocrx_word' id='word_1_186' title='bbox 991 2077 997 2098; x_wconf 87' lang='lat'><strong>.</strong></span> <span class='ocrx_word' id='word_1_187' title='bbox 1013 2059 1056 2096; x_wconf 86' lang='lat' dir='ltr'><strong>eos</strong></span> <span class='ocrx_word' id='word_1_188' title='bbox 1079 2061 1110 2096; x_wconf 88' lang='lat' dir='ltr'><strong>cs</strong></span> <span class='ocrx_word' id='word_1_189' title='bbox 1137 2045 1276 2118; x_wconf 77' lang='lat' dir='ltr'><strong>improviso</strong></span> <span class='ocrx_word' id='word_1_190' title='bbox 1302 2045 1328 2100; x_wconf 87' lang='lat' dir='ltr'><strong>irr</strong></span> 
     </span>
     <span class='ocr_line' id='line_1_48' title="bbox 859 2128 1150 2200; baseline 0.014 -22"><span class='ocrx_word' id='word_1_191' title='bbox 859 2128 1046 2200; x_wconf 72' lang='lat' dir='ltr'><strong>praecipitium</strong></span> <span class='ocrx_word' id='word_1_192' title='bbox 1066 2131 1150 2186; x_wconf 83' lang='lat' dir='ltr'><strong>dedit.</strong></span> 
     </span>
    </p>
   </div>
   <div class='ocr_carea' id='block_1_12' title="bbox 872 2309 1329 2382">
    <p class='ocr_par' dir='ltr' id='par_1_13' title="bbox 872 2309 1329 2382">
     <span class='ocr_line' id='line_1_49' title="bbox 872 2309 1329 2382; baseline 0.013 -20"><span class='ocrx_word' id='word_1_193' title='bbox 872 2309 928 2363; x_wconf 79' lang='lat'><strong>168.</strong></span> <span class='ocrx_word' id='word_1_194' title='bbox 950 2311 987 2366; x_wconf 89' lang='lat' dir='ltr'><strong>De</strong></span> <span class='ocrx_word' id='word_1_195' title='bbox 1007 2309 1120 2382; x_wconf 86' lang='lat' dir='ltr'><strong>Crotopo</strong></span> <span class='ocrx_word' id='word_1_196' title='bbox 1139 2319 1165 2364; x_wconf 87' lang='lat' dir='ltr'><strong>et</strong></span> <span class='ocrx_word' id='word_1_197' title='bbox 1184 2309 1329 2368; x_wconf 83' lang='lat' dir='ltr'><strong>Choroeiro.</strong></span> 
     </span>
    </p>
   </div>
   <div class='ocr_carea' id='block_1_13' title="bbox 856 2431 1325 3954">
    <p class='ocr_par' dir='ltr' id='par_1_14' title="bbox 856 2431 1325 3954">
     <span class='ocr_line' id='line_1_50' title="bbox 894 2431 1324 2561; baseline 0.009 -17"><span class='ocrx_word' id='word_1_198' title='bbox 894 2431 1053 2561; x_wconf 78' lang='lat' dir='ltr'><strong>Crotopus</strong></span> <span class='ocrx_word' id='word_1_199' title='bbox 1074 2511 1118 2548; x_wconf 78' lang='lat' dir='ltr'><strong>rra</strong></span> <span class='ocrx_word' id='word_1_200' title='bbox 1140 2491 1191 2546; x_wconf 79' lang='lat' dir='ltr'><strong>tots</strong></span> <span class='ocrx_word' id='word_1_201' title='bbox 1212 2489 1324 2560; x_wconf 74' lang='lat' dir='ltr'><strong>Argivo·</strong></span> 
     </span>
     <span class='ocr_line' id='line_1_51' title="bbox 859 2580 1324 2656; baseline 0.024 -30"><span class='ocrx_word' id='word_1_202' title='bbox 859 2593 932 2634; x_wconf 84' lang='lat' dir='ltr'><strong>rum,</strong></span> <span class='ocrx_word' id='word_1_203' title='bbox 951 2580 1027 2632; x_wconf 81' lang='lat' dir='ltr'><strong>cuius</strong></span> <span class='ocrx_word' id='word_1_204' title='bbox 1042 2581 1123 2634; x_wconf 73' lang='lat' dir='ltr'><strong>[iiiam</strong></span> <span class='ocrx_word' id='word_1_205' title='bbox 1136 2581 1229 2656; x_wconf 77' lang='lat' dir='ltr'><strong>ripoiio</strong></span> <span class='ocrx_word' id='word_1_206' title='bbox 1247 2581 1324 2636; x_wconf 77' lang='lat' dir='ltr'><strong>viiit-</strong></span> 
     </span>
     <span class='ocr_line' id='line_1_52' title="bbox 860 2669 1325 2742; baseline 0.019 -25"><span class='ocrx_word' id='word_1_207' title='bbox 860 2671 918 2734; x_wconf 75' lang='lat' dir='ltr'><strong>vit3</strong></span> <span class='ocrx_word' id='word_1_208' title='bbox 939 2669 1009 2739; x_wconf 89' lang='lat' dir='ltr'><strong>quod</strong></span> <span class='ocrx_word' id='word_1_209' title='bbox 1031 2683 1106 2742; x_wconf 82' lang='lat' dir='ltr'><strong>puter</strong></span> <span class='ocrx_word' id='word_1_210' title='bbox 1132 2671 1272 2739; x_wconf 81' lang='lat' dir='ltr'><strong>indignum</strong></span> <span class='ocrx_word' id='word_1_211' title='bbox 1293 2671 1325 2726; x_wconf 84' lang='lat' dir='ltr'><strong>ii·</strong></span> 
     </span>
     <span class='ocr_line' id='line_1_53' title="bbox 859 2753 1325 2834; baseline 0.017 -28"><span class='ocrx_word' id='word_1_212' title='bbox 859 2753 920 2806; x_wconf 84' lang='lat' dir='ltr'><strong>lium</strong></span> <span class='ocrx_word' id='word_1_213' title='bbox 951 2757 1107 2819; x_wconf 78' lang='lat' dir='ltr'><strong>interemit.</strong></span> <span class='ocrx_word' id='word_1_214' title='bbox 1136 2761 1199 2834; x_wconf 81' lang='lat' dir='ltr'><strong>quie</strong></span> <span class='ocrx_word' id='word_1_215' title='bbox 1229 2759 1325 2814; x_wconf 70' lang='lat' dir='ltr'><strong>Vestro</strong></span> 
     </span>
     <span class='ocr_line' id='line_1_54' title="bbox 859 2845 1325 2914; baseline 0.021 -24"><span class='ocrx_word' id='word_1_216' title='bbox 859 2845 978 2898; x_wconf 83' lang='lat' dir='ltr'><strong>sacerdos</strong></span> <span class='ocrx_word' id='word_1_217' title='bbox 999 2845 1100 2904; x_wconf 79' lang='lat' dir='ltr'><strong>suerat.</strong></span> <span class='ocrx_word' id='word_1_218' title='bbox 1120 2858 1147 2902; x_wconf 85' lang='lat' dir='ltr'><strong>ct</strong></span> <span class='ocrx_word' id='word_1_219' title='bbox 1171 2847 1197 2904; x_wconf 90' lang='lat' dir='ltr'><strong>in</strong></span> <span class='ocrx_word' id='word_1_220' title='bbox 1211 2847 1325 2914; x_wconf 78' lang='lat' dir='ltr'><strong>virgini-</strong></span> 
     </span>
     <span class='ocr_line' id='line_1_55' title="bbox 858 2933 1323 3006; baseline 0.017 -26"><span class='ocrx_word' id='word_1_221' title='bbox 858 2937 915 2982; x_wconf 86' lang='lat' dir='ltr'><strong>tate</strong></span> <span class='ocrx_word' id='word_1_222' title='bbox 933 2949 1033 3004; x_wconf 81' lang='lat' dir='ltr'><strong>semper</strong></span> <span class='ocrx_word' id='word_1_223' title='bbox 1056 2935 1198 3006; x_wconf 86' lang='lat' dir='ltr'><strong>perdurare</strong></span> <span class='ocrx_word' id='word_1_224' title='bbox 1222 2933 1323 2991; x_wconf 77' lang='lat' dir='ltr'><strong>delinit.</strong></span> 
     </span>
     <span class='ocr_line' id='line_1_56' title="bbox 857 3019 1323 3096; baseline 0.015 -27"><span class='ocrx_word' id='word_1_225' title='bbox 857 3019 888 3069; x_wconf 91' lang='lat' dir='ltr'><strong>ln</strong></span> <span class='ocrx_word' id='word_1_226' title='bbox 908 3019 983 3072; x_wconf 83' lang='lat' dir='ltr'><strong>cuius</strong></span> <span class='ocrx_word' id='word_1_227' title='bbox 1006 3019 1130 3076; x_wconf 84' lang='lat' dir='ltr'><strong>uitioncm</strong></span> <span class='ocrx_word' id='word_1_228' title='bbox 1148 3023 1240 3096; x_wconf 76' lang='lat' dir='ltr'><strong>Apollo</strong></span> <span class='ocrx_word' id='word_1_229' title='bbox 1261 3023 1323 3078; x_wconf 82' lang='lat' dir='ltr'><strong>iror-</strong></span> 
     </span>
     <span class='ocr_line' id='line_1_57' title="bbox 858 3101 1323 3184; baseline 0.028 -29"><span class='ocrx_word' id='word_1_230' title='bbox 858 3101 935 3156; x_wconf 89' lang='lat' dir='ltr'><strong>ribile</strong></span> <span class='ocrx_word' id='word_1_231' title='bbox 956 3117 1100 3161; x_wconf 84' lang='lat' dir='ltr'><strong>monstrum</strong></span> <span class='ocrx_word' id='word_1_232' title='bbox 1130 3109 1224 3176; x_wconf 71' lang='lat' dir='ltr'><strong>misit.</strong></span> <span class='ocrx_word' id='word_1_233' title='bbox 1252 3113 1323 3184; x_wconf 83' lang='lat' dir='ltr'><strong>quod</strong></span> 
     </span>
     <span class='ocr_line' id='line_1_58' title="bbox 858 3191 1324 3268; baseline 0.015 -21"><span class='ocrx_word' id='word_1_234' title='bbox 858 3191 1010 3248; x_wconf 85' lang='lat' dir='ltr'><strong>Cberoebus</strong></span> <span class='ocrx_word' id='word_1_235' title='bbox 1028 3193 1130 3248; x_wconf 82' lang='lat' dir='ltr'><strong>iuvenis</strong></span> <span class='ocrx_word' id='word_1_236' title='bbox 1146 3195 1253 3268; x_wconf 82' lang='lat' dir='ltr'><strong>quidam</strong></span> <span class='ocrx_word' id='word_1_237' title='bbox 1274 3197 1324 3254; x_wconf 85' lang='lat' dir='ltr'><strong>ior·</strong></span> 
     </span>
     <span class='ocr_line' id='line_1_59' title="bbox 856 3281 1324 3338; baseline 0.009 -4"><span class='ocrx_word' id='word_1_238' title='bbox 856 3281 973 3334; x_wconf 81' lang='lat' dir='ltr'><strong>tissimus</strong></span> <span class='ocrx_word' id='word_1_239' title='bbox 994 3281 1100 3333; x_wconf 86' lang='lat' dir='ltr'><strong>oceidit.</strong></span> <span class='ocrx_word' id='word_1_240' title='bbox 1127 3283 1159 3336; x_wconf 80' lang='lat' dir='ltr'><strong>iit</strong></span> <span class='ocrx_word' id='word_1_241' title='bbox 1180 3281 1247 3336; x_wconf 85' lang='lat' dir='ltr'><strong>hanc</strong></span> <span class='ocrx_word' id='word_1_242' title='bbox 1268 3281 1324 3338; x_wconf 85' lang='lat' dir='ltr'><strong>his-</strong></span> 
     </span>
     <span class='ocr_line' id='line_1_60' title="bbox 856 3367 1325 3424; baseline 0.009 -4"><span class='ocrx_word' id='word_1_243' title='bbox 856 3367 952 3420; x_wconf 84' lang='lat' dir='ltr'><strong>teriam</strong></span> <span class='ocrx_word' id='word_1_244' title='bbox 962 3369 1061 3421; x_wconf 86' lang='lat' dir='ltr'><strong>Statius</strong></span> <span class='ocrx_word' id='word_1_245' title='bbox 1070 3367 1251 3422; x_wconf 82' lang='lat' dir='ltr'><strong>decentissime</strong></span> <span class='ocrx_word' id='word_1_246' title='bbox 1262 3371 1325 3424; x_wconf 82' lang='lat' dir='ltr'><strong>scri·</strong></span> 
     </span>
     <span class='ocr_line' id='line_1_61' title="bbox 856 3453 1325 3526; baseline 0.011 -20"><span class='ocrx_word' id='word_1_247' title='bbox 856 3453 906 3508; x_wconf 86' lang='lat' dir='ltr'><strong>bit·</strong></span> <span class='ocrx_word' id='word_1_248' title='bbox 927 3457 1013 3526; x_wconf 87' lang='lat' dir='ltr'><strong>ipsum</strong></span> <span class='ocrx_word' id='word_1_249' title='bbox 1034 3465 1120 3508; x_wconf 86' lang='lat' dir='ltr'><strong>autem</strong></span> <span class='ocrx_word' id='word_1_250' title='bbox 1135 3466 1277 3508; x_wconf 81' lang='lat' dir='ltr'><strong>monstrum</strong></span> <span class='ocrx_word' id='word_1_251' title='bbox 1289 3457 1325 3510; x_wconf 84' lang='lat' dir='ltr'><strong>ia·</strong></span> 
     </span>
     <span class='ocr_line' id='line_1_62' title="bbox 857 3541 1323 3600; baseline 0.011 -7"><span class='ocrx_word' id='word_1_252' title='bbox 857 3542 911 3593; x_wconf 89' lang='lat' dir='ltr'><strong>mia</strong></span> <span class='ocrx_word' id='word_1_253' title='bbox 942 3541 1097 3595; x_wconf 82' lang='lat' dir='ltr'><strong>vocabatur.</strong></span> <span class='ocrx_word' id='word_1_254' title='bbox 1127 3543 1233 3596; x_wconf 82' lang='lat' dir='ltr'><strong>bomine</strong></span> <span class='ocrx_word' id='word_1_255' title='bbox 1260 3557 1323 3600; x_wconf 85' lang='lat' dir='ltr'><strong>sunt</strong></span> 
     </span>
     <span class='ocr_line' id='line_1_63' title="bbox 858 3629 1324 3704; baseline 0.004 -20"><span class='ocrx_word' id='word_1_256' title='bbox 858 3630 927 3684; x_wconf 88' lang='lat' dir='ltr'><strong>enim</strong></span> <span class='ocrx_word' id='word_1_257' title='bbox 952 3629 1034 3684; x_wconf 85' lang='lat' dir='ltr'><strong>iossae</strong></span> <span class='ocrx_word' id='word_1_258' title='bbox 1054 3647 1202 3702; x_wconf 88' lang='lat' dir='ltr'><strong>camporum</strong></span> <span class='ocrx_word' id='word_1_259' title='bbox 1225 3633 1324 3704; x_wconf 78' lang='lat' dir='ltr'><strong>pluviis</strong></span> 
     </span>
     <span class='ocr_line' id='line_1_64' title="bbox 857 3720 1321 3792; baseline -0.002 -19"><span class='ocrx_word' id='word_1_260' title='bbox 857 3721 962 3792; x_wconf 82' lang='lat' dir='ltr'><strong>plenae.</strong></span> <span class='ocrx_word' id='word_1_261' title='bbox 975 3720 1014 3772; x_wconf 85' lang='lat' dir='ltr'><strong>rel</strong></span> <span class='ocrx_word' id='word_1_262' title='bbox 1027 3721 1163 3788; x_wconf 80' lang='lat' dir='ltr'><strong>voragines</strong></span> <span class='ocrx_word' id='word_1_263' title='bbox 1173 3723 1321 3776; x_wconf 87' lang='lat' dir='ltr'><strong>fluminum:</strong></span> 
     </span>
     <span class='ocr_line' id='line_1_65' title="bbox 857 3807 1322 3880; baseline 0.004 -20"><span class='ocrx_word' id='word_1_264' title='bbox 857 3809 928 3862; x_wconf 87' lang='lat' dir='ltr'><strong>undo</strong></span> <span class='ocrx_word' id='word_1_265' title='bbox 960 3809 1015 3880; x_wconf 92' lang='lat' dir='ltr'><strong>ipsa</strong></span> <span class='ocrx_word' id='word_1_266' title='bbox 1045 3807 1204 3864; x_wconf 73' lang='lat' dir='ltr'><strong>ferocissima</strong></span> <span class='ocrx_word' id='word_1_267' title='bbox 1233 3807 1322 3864; x_wconf 82' lang='lat' dir='ltr'><strong>bestia</strong></span> 
     </span>
     <span class='ocr_line' id='line_1_66' title="bbox 857 3896 1107 3954; baseline 0.02 -7"><span class='ocrx_word' id='word_1_268' title='bbox 857 3897 934 3951; x_wconf 78' lang='lat' dir='ltr'><strong>iamin</strong></span> <span class='ocrx_word' id='word_1_269' title='bbox 959 3896 1107 3954; x_wconf 75' lang='lat' dir='ltr'><strong>dicebatur.</strong></span> 
     </span>
    </p>
   </div>
   <div class='ocr_carea' id='block_1_14' title="bbox 0 0 1841 5338">
    <p class='ocr_par' dir='ltr' id='par_1_15' title="bbox 0 0 1841 5338">
     <span class='ocr_line' id='line_1_67' title="bbox 0 0 1841 5338; baseline 0 0"><span class='ocrx_word' id='word_1_270' title='bbox 0 0 1841 5338; x_wconf 95' lang='lat' dir='ltr'><strong> </strong></span> 
     </span>
    </p>
   </div>
  </div>
 </body>
</html>
