3646 5342
549 689 632 740 xvm

706 843 773 919 DE
800 841 1073 920 IUVENALIS
1102 841 1166 918 ET
1194 841 1358 918 PERSII

654 1005 897 1055 FRAGMEN'HS
929 1005 1079 1052 DUOBUS
1110 1003 1411 1064 lorsqutsstmts·

524 1157 595 1324 In
615 1274 656 1320 eo
676 1245 916 1346 palimpsesto,
938 1245 1094 1319 bobiensi
1120 1243 1221 1334 olim,
1249 1271 1345 1318 nunc
1365 1244 1541 1334 vaticano,

523 1367 586 1469 qui
611 1365 697 1440 milri
724 1365 962 1457 Frontonem,
991 1363 1269 1467 Symmachum,
1304 1365 1456 1468 aliosque
1486 1393 1542 1438 ve·

521 1504 611 1562 teres
637 1503 797 1562 auctores
824 1485 970 1576 obtulit,
997 1483 1067 1559 duo
1095 1503 1178 1559 sunt
1202 1485 1284 1560 solia
1314 1513 1465 1587 quorum
1495 1485 1541 1560 al·

523 1622 640 1681 terum
677 1605 850 1680 Iuvenalis
891 1633 973 1680 cum
1013 1603 1152 1681 scholiis
1189 1605 1423 1705 fragmentum
1459 1607 1542 1705 (sa-

523 1741 588 1826 tyr.
615 1723 716 1801 XIV.
742 1753 773 1802 v.
802 1727 887 1822 324.
913 1725 957 1798 ad
984 1725 1112 1823 finern3
1139 1741 1175 1798 et
1200 1741 1300 1825 satyr.
1331 1723 1413 1799 XV.
1442 1752 1474 1798 r.
1512 1751 1541 1796 1.

524 1844 569 1918 ad
594 1873 625 1918 v.
652 1845 713 1941 43.
727 1847 762 1945 l,
789 1845 939 1919 alterum
964 1843 1076 1919 Persii
1101 1827 1176 1920 sine
1203 1845 1341 1920 scholiis
1370 1848 1492 1946 (satyr.
1513 1842 1540 1918 l.

525 1992 556 2040 v.
570 1965 630 2042 53.
649 1965 693 2040 ad
714 1993 745 2042 v.
770 1969 875 2068 104.)
891 1967 1081 2060 continent
1097 1969 1160 2069 (ι).
1181 1967 1320 2042 Mirum
1334 1982 1450 2041 autem
1469 1980 1542 2053 est,

524 2085 619 2187 quod
650 2115 691 2162 ex
729 2085 866 2161 duobus
892 2105 1074 2188 poetarum
1104 2089 1231 2162 horum
1260 2085 1542 2187 splendidissimis

526 2206 704 2281 codicibus
742 2207 879 2305 singula
910 2225 1048 2282 tantum
1078 2207 1183 2297 solia,
1216 2207 1314 2309 quasi
1348 2207 1542 2282 testimonis

525 2325 715 2428 quaedam,
742 2329 986 2427 superfuerint.
1016 2325 1197 2427 Scriptura
1222 2327 1350 2402 horum
1374 2345 1445 2402 tam
1468 2327 1543 2430 pul-

526 2447 609 2518 chra
637 2461 709 2536 est,
737 2462 939 2548 tantamque
962 2448 1051 2548 sapit
1082 2447 1351 2548 antiquitatem,
1382 2465 1425 2522 ut
1452 2447 1542 2523 nulli

524 2593 566 2638 ex
595 2582 647 2638 tot
670 2566 966 2665 praestantissimis
989 2596 1010 2641 a
1033 2595 1089 2640 me
1110 2567 1209 2640 editis
1230 2566 1466 2668 calligraphiae
1487 2594 1543 2641 ve·

524 2685 606 2758 teris
632 2685 878 2786 speciminibus
902 2687 1011 2762 cedat.
1040 2686 1144 2783 Quod
1173 2705 1213 2760 ut
1241 2687 1427 2761 lectoribus
1454 2687 1541 2760 meis

525 2795 639 2906 palam
651 2807 772 2899 fieret,
787 2835 985 2909 novumque
997 2807 1275 2908 palaeographiae
1290 2807 1487 2907 exemplum
1502 2805 1540 2880 in

525 2917 643 2997 lucem
672 2925 856 3015 esserrcm,
883 2926 1043 3025 paginam
1063 2927 1233 3024 integram
1258 2925 1431 3000 Iuvenalis
1455 2927 1542 3000 inci-

525 3043 676 3116 dendam
704 3044 821 3117 curavi
849 3047 954 3145 (nam
981 3043 1092 3119 Persii
1114 3045 1236 3120 eadem
1255 3045 1425 3146 scriptura
1445 3049 1539 3147 est);

526 3189 672 3264 eamque
698 3163 849 3238 tahulam
875 3166 972 3266 quasi
993 3165 1102 3240 limen
1126 3165 1310 3240 voluminis
1334 3167 1438 3241 huius
1457 3195 1539 3240 -esse

525 3281 629 3356 volui.
657 3279 703 3354 lit
729 3281 872 3383 quidem
899 3285 936 3356 in
964 3283 1100 3358 tabulae
1127 3285 1255 3358 vertice
1286 3312 1425 3360 versum
1455 3311 1541 3386 quo·

526 3431 615 3502 que,
643 3419 748 3502 prout
779 3420 830 3477 est
855 3404 893 3476 in
920 3403 1062 3495 codice,
1096 3405 1228 3479 arcanis
1260 3405 1350 3479 notis
1381 3433 1466 3504 quas
1501 3404 1541 3476 ti·
1816 3438 1818 3476 t

525 3523 684 3596 ronianas
714 3539 869 3614 vocant,
905 3541 1081 3600 exaratum
1114 3526 1310 3624 proposui3
1344 3523 1445 3599 cuius
1476 3552 1539 3622 ego
1815 3525 1818 3681 Ι

526 3659 619 3717 certe
645 3642 832 3716 lectionem
859 3671 933 3717 non
961 3643 1088 3734 calleo,
1120 3672 1234 3744 neque
1259 3660 1380 3717 utrum
1406 3643 1449 3716 ad
1482 3643 1540 3716 Iu·
1580 3673 1583 3682 ·

524 3763 683 3836 venalem
709 3791 753 3836 an
786 3765 901 3863 potius
933 3765 977 3837 ad
1010 3764 1282 3839 chalcedonense
1319 3763 1537 3853 concilium,

524 3881 618 3984 quod
648 3883 804 3957 luvenali
830 3883 1026 3986 Persioque
1056 3902 1108 3959 est
1130 3885 1426 3984 superscriptum,
1453 3885 1538 3956 rese·

526 4003 656 4106 sendus
679 4002 746 4091 sit,
774 4001 928 4077 divinare
956 4031 1057 4104 queo.
1086 4001 1227 4078 Scholia
1255 4031 1357 4090 vero,
1376 4031 1463 4103 quae
1482 4001 1539 4076 lu-

568 4151 607 4224 (ι)
627 4151 717 4206 Recole
737 4151 809 4206 diets
830 4173 843 4205 a
864 4173 904 4207 mc
925 4154 952 4207 in
972 4152 1053 4226 prael.
1073 4164 1134 4210 tum·
1155 4153 1190 4206 ll·
1210 4153 1317 4208 Auctor.
1338 4153 1413 4207 class.
1434 4173 1507 4228 Μ.
