3630 5334
541 637 607 708 256

418 859 422 867 ,
514 807 556 858 nis
584 805 692 859 affectus
718 777 914 874 quantamlibet
939 815 1002 870 pos·

513 893 654 948 scarionem
670 891 802 945 inutiliter
812 890 922 960 spargit
934 887 1002 940 llam

512 981 586 1053 qnod
604 982 679 1036 Plato
694 980 721 1034 in
734 997 783 1034 sua
803 995 831 1030 re
845 996 882 1047 ·p·
893 994 951 1028 cum
967 977 1001 1028 de

510 1072 680 1142 sphaerarum
691 1067 840 1120 caelestium
851 1063 999 1118 volubilita-

513 1171 540 1212 te
559 1169 686 1212 tractaret
706 1193 714 1214 .
732 1157 850 1222 singular
869 1157 908 1208 ait
926 1154 1000 1206 Sire-

513 1265 559 1300 nes
587 1248 697 1315 singulis
725 1245 834 1300 orbibus
859 1243 999 1303 insidere.

512 1339 681 1408 sphaerarum
693 1347 767 1388 motu
778 1332 940 1386 harmoniam
960 1333 998 1385 iu·

511 1427 700 1480 cundissirnam
718 1423 873 1478 numinibus
894 1422 996 1488 signiti-

511 1517 584 1570 cavit
601 1513 745 1568 exhiberi.
769 1513 845 1566 llmle
869 1510 920 1565 snlr
945 1511 998 1562 alia

511 1605 729 1675 interpretatione
742 1603 832 1658 Siren.
845 1600 934 1671 inquit
943 1602 998 1652 illu·

511 1694 637 1752 crobiur.
661 1693 710 1747 deo
728 1709 823 1744 canens
842 1707 934 1756 grunno
954 1687 995 1738 in-

509 1783 615 1836 tellectu
641 1783 711 1835 valet
735 1814 743 1831 .
769 1782 837 1832 Saue
858 1776 999 1830 Sallustius

509 1869 621 1940 Scyllam
640 1869 708 1922 dicit
727 1885 819 1922 sasnm
842 1864 926 1918 simile
944 1861 999 1916 l'or-

508 1977 567 2013 tnae
584 1957 730 2012 celebratae
742 1951 1001 2024 proculuiscatibns.

547 2063 588 2102 10.
607 2049 676 2116 Quia
702 2063 763 2098 veru
786 2044 820 2096 rlc
847 2046 931 2096 dlarte
952 2063 998 2092 nu-

509 2135 597 2205 perius
617 2146 675 2190 orta
704 2147 745 2188 cst
775 2134 873 2186 mentio
898 2167 905 2188 .
930 2131 997 2184 inlern

508 2224 581 2278 lllsrs
597 2223 637 2276 vel
651 2221 686 2276 ob
701 2221 750 2274 luto
767 2221 841 2273 irrata
852 2217 998 2282 Remigium

510 2312 645 2366 Gradivus
658 2310 759 2366 dicitur
771 2347 777 2366 .
787 2310 851 2379 quia
868 2307 998 2371 garinim

510 2400 595 2472 pergit
610 2400 638 2452 in
656 2399 806 2470 proeliumt
824 2399 865 2452 ecl
882 2397 933 2453 ains*
949 2400 996 2452 rari

390 2547 394 2558 ,
506 2493 606 2566 ypatio
628 2483 668 2562 (1)
693 2489 722 2540 id
744 2500 785 2544 eat
810 2508 825 2541 a
845 2489 998 2542 vibratione

508 2579 651 2632 huntaerel
661 2577 855 2632 iustaenndcnr
863 2576 998 2628 Gradivus

508 2667 585 2734 qiuari
595 2675 684 2732 gratus
700 2664 797 2720 diens·
816 2663 894 2716 idest
909 2663 997 2731 inquit

507 2764 599 2824 potens
614 2764 655 2808 est
675 2753 748 2806 dena.
763 2747 940 2820 lr'reqncntiris
955 2763 999 2804 ta-

508 2861 567 2896 rnen
574 2859 632 2894 cum
640 2842 753 2895 saeviret
762 2879 768 2898 .
776 2841 927 2904 Gradivum
937 2858 996 2893 oum

507 2929 666 3000 tranquillus
688 2939 777 2986 esset.
798 2929 927 2996 Quirinus
951 2927 995 2982 di·

505 3019 625 3071 orbatur.
635 3018 694 3070 uuo
711 3017 855 3086 deniqnsa
871 3017 995 3070 Romanis

507 3109 603 3179 templa
613 3107 727 3164 meruit.
742 3107 852 3160 altorum
868 3107 939 3162 intra
955 3123 994 3160 ur·

504 3196 562 3249 bern
573 3233 580 3254 ,
591 3195 669 3266 quasi
679 3203 767 3248 eustos
776 3203 804 3248 et
817 3193 977 3262 tranquillus
984 3213 993 3256 5

506 3285 618 3337 alterum
627 3293 702 3336 estes
720 3279 810 3335 urbem
825 3317 833 3338 .
851 3281 929 3351 qnasi
941 3279 994 3334 bel·

506 3371 574 3426 lator
597 3368 741 3424 Gradivus·
761 3367 919 3424 bellantium
944 3387 993 3421 au-

504 3469 556 3512 tern
576 3474 672 3510 numen
694 3456 749 3509 dici
770 3455 902 3513 ridetur.
928 3457 994 3528 quia

502 3549 578 3602 stella
595 3548 621 3600 ei
642 3545 772 3621 deputata
790 3580 797 3602 .
817 3556 910 3616 utpote
928 3565 991 3618 pro·

503 3635 574 3690 simo
591 3635 648 3688 loco
668 3651 748 3704 supra
772 3632 852 3686 colena
875 3635 962 3688 locuta
982 3671 990 3692 .

503 3723 689 3776 ardentissima
715 3737 771 3776 ense
800 3720 956 3793 perhibetur
979 3740 989 3784 5

530 3835 567 3921 Ι(ι)
584 3863 655 3909 Verba
672 3871 726 3906 aunt
744 3863 841 3920 Rernigii
862 3891 868 3912 ‚
886 3863 920 3905 ati
936 3859 989 3922 lngo

498 3943 521 3985 in
538 3939 638 3985 eiusdem
653 3937 730 3982 codice
748 3939 851 3982 vaticano
866 3953 912 3996 quo
933 3955 989 3982 ron-

499 4027 587 4070 tinatur
607 4021 785 4068 commestariaa
805 4019 834 4065 ad
855 4023 994 4068 flactianum

726 631 1096 704 MYTllOGRAPHUS
1119 637 1311 710 TERTIUS

1059 809 1086 854 et
1102 799 1129 866 la
1151 802 1207 854 suis
1226 802 1370 859 domiciliis
1385 805 1550 863 constituta·

1059 885 1156 940 bellum
1174 889 1342 960 praesignare
1364 891 1549 948 existimetur.

1059 973 1125 1026 lude
1145 987 1173 1028 et
1196 977 1329 1048 scorpium
1350 977 1480 1047 Virgilius
1505 999 1550 1033 ar-

1058 1061 1163 1115 dentem
1189 1065 1329 1136 sppellat.
1353 1065 1426 1136 quod
1453 1069 1549 1122 Martis

1057 1149 1184 1204 videlicet
1202 1163 1243 1204 est
1267 1153 1431 1208 domicilium
1453 1177 1460 1206 5
1489 1173 1550 1208 nana

1056 1239 1154 1310 scorpii
1174 1243 1269 1312 utique
1292 1255 1395 1314 tempus
1423 1243 1549 1312 frigidum

1056 1337 1120 1384 est.
1141 1329 1243 1400 quippe
1268 1331 1346 1385 onius
1371 1332 1469 1386 arensis
1484 1353 1548 1384 .υο-

1057 1415 1160 1469 venrbcr
1178 1430 1218 1471 est
1231 1455 1239 1470 .
1254 1420 1369 1474 Gramen
1390 1423 1416 1474 oi
1437 1421 1548 1473 dedica-

1055 1520 1118 1564 tur.
1137 1507 1202 1577 quia
1221 1509 1365 1562 secundnm
1383 1509 1498 1562 Plinium
1519 1511 1546 1563 in

1055 1597 1172 1650 anturali
1184 1597 1295 1652 historia
1306 1613 1338 1652 ea
1348 1600 1464 1654 bumsuo
1474 1619 1547 1654 cruo-

1056 1705 1084 1740 re
1109 1699 1281 1758 procreatur·
1302 1689 1350 1744 Est
1371 1701 1459 1744 auteur
1484 1709 1546 1758 gra-

1055 1793 1113 1828 uren
1130 1775 1230 1846 species
1249 1776 1346 1830 herbae
1356 1797 1366 1840 5
1385 1779 1447 1832 licct
1465 1797 1545 1848 gene-

1056 1865 1147 1918 raliter
1165 1865 1251 1920 omnis
1268 1866 1350 1920 herba
1374 1883 1478 1936 gramen
1496 1889 1545 1924 ro·

1055 1967 1130 2008 uetur
1140 1973 1150 2016 5
1161 1957 1230 2008 sicut
1246 1955 1327 2008 robur
1337 1975 1413 2010 orane
1429 1957 1545 2022 lignum,

1056 2060 1115 2094 cura
1131 2042 1168 2096 sit
1185 2055 1213 2095 ct
1231 2043 1339 2114 specics.
1360 2044 1435 2097 Unde
1453 2055 1481 2098 et
1501 2064 1543 2098 ro·

1055 2131 1126 2182 anani
1144 2132 1223 2184 rnoris
1246 2131 1332 2184 luerat
1353 2169 1360 2188 .
1381 2151 1440 2184 cuna
1460 2133 1494 2186 de
1517 2152 1544 2187 re

1054 2219 1148 2272 bollina
1165 2231 1305 2288 agencium,
1318 2233 1346 2275 et
1364 2222 1444 2276 Marti
1464 2224 1545 2277 sacri·

1032 2332 1036 2354 ·
1055 2313 1178 2364 ficeretur
1199 2347 1206 2368 .
1225 2329 1284 2364 aras
1303 2314 1465 2367 constituere
1482 2331 1544 2382 gra-

1054 2401 1162 2454 mineas·
1179 2401 1203 2454 A
1223 2403 1323 2456 lunone
1339 2421 1398 2456 enm
1418 2405 1476 2458 siae
1493 2425 1543 2476 pa-

1054 2489 1102 2541 tris
1121 2487 1285 2542 admistione
1306 2499 1397 2542 nutum
1416 2491 1471 2543 dici
1489 2509 1545 2546 sus·

1053 2575 1142 2646 picor.
1161 2576 1226 2644 qnia
1240 2577 1299 2628 eius
1311 2577 1389 2630 stella
1401 2578 1424 2630 si
1440 2596 1486 2650 per
1497 2585 1543 2632 aii-

1054 2679 1107 2714 rem
1129 2699 1136 2720 .
1155 2661 1182 2714 id
1201 2674 1242 2716 ast
1262 2664 1413 2720 lunonem.
1441 2663 1495 2718 sola
1514 2665 1543 2718 io

1053 2750 1185 2806 utrolibet
1224 2750 1417 2804 domiciliorum
1457 2769 1543 2822 appa·

1049 2841 1153 2896 ruerit.
1180 2839 1300 2894 ardorem
1327 2840 1450 2894 bellicum
1486 2841 1542 2910 sig-

1052 2930 1159 2982 nificare
1177 2941 1287 3000 putatur
1312 2930 1443 2984 oriturum
1463 2965 1471 2982 .
1494 2931 1541 2986 Sin

1051 3017 1171 3091 luppiter
1189 3019 1230 3072 rel
1249 3019 1339 3072 Venus
1361 3031 1452 3074 coorta
1479 3019 1540 3074 lue-

1053 3109 1108 3166 rit.
1124 3108 1208 3180 ipsius
1226 3107 1380 3161 uiolentiam
1399 3108 1540 3174 utitinam.

1049 3197 1223 3267 effectumque
1242 3196 1378 3250 annullare
1391 3199 1521 3250 creditur.

1088 3303 1130 3338 rr·
1149 3283 1437 3340 ilomulurnetliernnm
1451 3285 1476 3338 ei
1494 3285 1541 3338 fia·

1049 3373 1076 3440 gi
1094 3373 1183 3430 lilios.
1201 3375 1266 3443 quia
1285 3373 1337 3426 viri
1358 3373 1462 3426 luerunt
1481 3367 1539 3426 bel-

1051 3463 1139 3516 licori·
1154 3463 1221 3515 Nun
1239 3463 1312 3531 quod
1332 3461 1394 3533 lupa
1413 3461 1540 3516 dicuntur

1052 3549 1119 3608 alti.
1139 3547 1288 3602 labulosunr
1306 3553 1457 3618 figmentum
1476 3563 1538 3608 est·

1050 3639 1084 3692 ad
1103 3639 1239 3692 celandum
1257 3659 1366 3693 avorum
1381 3643 1482 3695 romani
1498 3659 1538 3710 ge·

1048 3731 1120 3784 neris
1139 3729 1354 3802 turpitudinem.
1370 3731 1425 3783 Nec
1446 3731 1540 3784 incon·

1045 3871 1169 3932 Capellam.
1187 3881 1244 3920 Num
1264 3889 1304 3932 pru
1323 3851 1444 3930 ”partit-l
1463 3873 1540 3918 Codes

1043 3967 1101 3996 unna
1116 3961 1162 3995 ret.
1178 3953 1340 4012 mythograpir·
1355 3951 1467 4010 graderis·
1483 3983 1490 4004 .
1507 3949 1546 3996 sl-

1050 4037 1085 4074 ter
1100 4027 1201 4086 graden.
