3622 5350
711 625 838 696 LIBER
861 626 906 691 ΙΙ.
1026 635 1029 640 “
1260 619 1302 686 65

302 799 441 858 scientiam
469 796 585 853 babuit.
621 795 704 850 variis
732 813 775 848 re-

302 887 425 960 gionibus
439 886 560 958 quaesita
579 903 709 956 coquens.
724 883 779 936 Ac·

302 999 393 1034 sonem
419 979 606 1047 interemptum
626 978 654 1030 in
677 973 778 1046 tepidis

303 1071 394 1124 herbis
419 1067 578 1126 immiscuit,
592 1079 620 1122 et
644 1067 672 1119 in
685 1066 779 1136 pristi-

303 1179 367 1214 num
396 1159 513 1227 rigorem
539 1157 673 1228 perduxit·
700 1153 780 1208 Liber

304 1257 379 1318 pater
392 1258 423 1301 ut
442 1243 633 1298 animadvertit
651 1242 780 1296 desouem

303 1345 464 1387 senectutem
474 1332 597 1386 remediis
608 1331 719 1384 Medeae
731 1349 780 1382 ex-

305 1422 418 1492 pulisse.
433 1423 501 1492 petit
514 1433 545 1476 ut
559 1419 708 1474 nutricibus
727 1419 782 1472 suis

306 1509 386 1563 lcrret
401 1509 654 1579 auxilium,easquc
669 1509 698 1561 in
715 1508 781 1562 ado-

305 1597 460 1650 lescentium
484 1597 601 1665 vigorem
634 1596 781 1650 reduceret.

306 1685 388 1737 Cuius
401 1684 563 1738 auctoritate
577 1693 604 1736 et
621 1683 724 1736 auxilio
737 1683 781 1735 illa

306 1772 456 1842 compulsa.
472 1770 564 1824 iisdem
576 1770 698 1824 remediis
717 1771 781 1840 qui-

307 1857 357 1912 bus
374 1859 502 1912 desoncm
516 1857 543 1910 in
553 1858 667 1930 primam
686 1857 782 1910 iurea-

307 1959 390 2000 tutem
408 1947 567 2002 reduxerat.
588 1947 685 2002 Libero
702 1957 784 2001 aeter·

306 2053 369 2088 num
386 2033 545 2088 beneficium
565 2032 652 2087 dedit.

312 2207 370 2282 189·
388 2208 560 2264 Deucalionis
585 2219 612 2262 et
634 2209 763 2278 Pyrrhae.

345 2328 484 2456 Iuppiter
508 2393 616 2456 propter
643 2383 785 2436 audaciam

310 2473 460 2526 mortalium
479 2475 610 2541 Lycaonis
622 2484 786 2528 ceterorum-

310 2577 377 2632 que.
397 2559 447 2629 qul
467 2557 609 2612 sceleribus
625 2559 680 2612 suis
704 2558 784 2611 ctiam

311 2645 419 2702 deorum
438 2647 586 2718 potentiam
604 2643 786 2716 temptabant,

310 2733 399 2789 orbem
416 2747 546 2790 terrarum
561 2733 675 2806 profusis
696 2732 787 2786 imbri·

312 2821 362 2876 bus
380 2823 523 2878 inundavit
542 2823 655 2878 diluvio.
670 2822 786 2875 Primum

313 2923 402 2966 eutem
416 2912 548 2965 diluvium
560 2912 610 2967 sub
624 2913 715 2981 Ogyge
730 2929 788 2978 rege

312 3001 499 3056 Thebanorum
521 3001 642 3059 exstitit,
663 3021 716 3056 noo
738 3000 789 3055 sub

314 3091 439 3144 Saturno.
458 3090 605 3144 Secundum
631 3089 682 3162 sub
710 3091 789 3148 lore.

311 3179 385 3250 quod
397 3189 425 3231 ct
443 3179 613 3235 Deucalionis
636 3178 744 3232 dicitur·
754 3181 789 3234 Et

314 3267 439 3319 eumdno
457 3267 580 3320 mortales
598 3265 702 3338 pietate
720 3277 790 3320 cete·

312 3374 355 3410 ros
372 3354 534 3411 anteissent.
553 3355 699 3408 Deucalion
722 3356 789 3409 Pro·

313 3443 414 3498 methci
429 3443 514 3500 filius,
527 3454 555 3497 et
574 3443 676 3512 Pyrrha
695 3445 788 3498 eadem

313 3549 387 3586 soror
401 3541 429 3585 et
441 3549 525 3588 uxor.
536 3529 563 3583 in
573 3530 689 3585 Parnaso
701 3543 790 3586 moute

312 3617 457 3692 proluviem
467 3617 753 3689 imbrinmell'ugcruut:
762 3633 791 3675 et

312 3705 726 3777 sortemonltiThemidis.quae
745 3705 790 3778 (r)

316 3815 348 3852 eo
360 3807 475 3869 tempore
495 3796 607 3851 antistes
622 3807 708 3850 terrae
718 3807 791 3854 crat.

315 3887 392 3939 adiis
402 3903 448 3957 per
464 3901 553 3955 preces
562 3885 665 3938 vcuiarn
678 3903 789 3956 aecepe-

835 809 868 844 ne
880 805 994 860 namque
1008 787 1130 842 consulto
1150 788 1178 840 lu
1194 787 1310 858 templo.

834 880 907 950 quod
922 879 948 932 in
959 879 1050 932 eodem
1063 877 1128 932 colle
1141 875 1306 935 habebatur.

833 969 973 1041 respoudit
990 967 1125 1021 oraeuluru
1136 1003 1143 1022 .
1156 977 1187 1020 nt
1199 967 1226 1019 in
1234 985 1308 1022 mou·

835 1067 861 1110 te
881 1073 940 1110 ossa
958 1053 1131 1107 matrissuae
1157 1052 1186 1106 iu
1207 1063 1305 1106 terram

834 1143 994 1215 proicerent·
1015 1139 1128 1194 Proinde
1150 1157 1245 1208 magna
1258 1159 1309 1192 arn·

835 1231 969 1301 biguitatc
999 1230 1108 1286 haerere
1145 1225 1310 1300 coeperunt,

835 1338 907 1391 qnae
931 1330 1020 1373 esseut
1044 1337 1102 1372 ossa
1122 1321 1215 1372 matris
1239 1337 1313 1372 suae.

835 1411 956 1462 'l'andcm
974 1408 1105 1462 recordati
1135 1420 1218 1467 seint,
1238 1408 1312 1478 qnod

838 1510 908 1552 terra
923 1516 1013 1552 corum
1027 1509 1111 1551 mater
1120 1509 1187 1552 esset
1201 1534 1208 1554 .
1228 1509 1256 1551 et
1266 1515 1315 1569 pc-

836 1596 893 1639 trae
902 1603 962 1640 ossa
974 1597 1069 1638 terrac.
1084 1586 1146 1639 Mos
1160 1585 1242 1652 igitur
1253 1596 1315 1656 post

835 1684 937 1740 tergum
959 1691 1025 1728 saxa
1039 1673 1219 1744 proiciebant.
1239 1675 1314 1744 Quae

837 1761 984 1816 Deucalion
1009 1759 1151 1822 mittebat.
1179 1759 1230 1814 viri
1256 1763 1315 1814 essi-

837 1849 995 1921 cicbautur3
1011 1869 1081 1923 quae
1104 1849 1222 1918 Pyrrha,
1237 1849 1316 1902 lerni-

836 1958 897 1994 nae.
915 1943 1010 1994 Postea
1034 1939 1107 1993 veuit
1125 1937 1313 1994 l’rometlrcus.

743 2053 748 2058 ·
836 2038 863 2080 et
890 2027 1045 2082 vivificabat
1069 2027 1189 2080 homines
1204 2026 1262 2078 iilos
1276 2025 1315 2076 la-

836 2133 866 2168 ce
887 2117 994 2170 caelesti
1010 2114 1145 2169 adbibita.

895 2297 971 2368 190.Ι
984 2295 1134 2348 Palicorum
1167 2294 1287 2349 deorum.

894 2414 1057 2539 Symetlros
1089 2469 1188 2524 fluvius
1213 2479 1254 2521 est
1277 2466 1321 2522 Si,-

840 2557 918 2611 ciliae
932 2559 1004 2611 baud
1016 2560 1093 2627 longe
1107 2557 1171 2610 nobe
1186 2557 1315 2610 Catinen-

840 2647 876 2703 si.
898 2647 969 2700 cirea
988 2665 1065 2717 quem
1081 2658 1142 2700 suut
1160 2646 1241 2698 Palici
1261 2645 1319 2702 dei.

840 2755 952 2807 qumum
987 2737 1048 2790 talis
1067 2748 1106 2790 cst
1136 2735 1227 2788 sabula
1263 2735 1317 2786 Ae-

840 2824 932 2878 thaam
952 2825 1094 2894 nympham
1120 2823 1241 2894 luppiter
1259 2840 1318 2874 euru

842 2910 964 2965 vitiasset
975 2922 1002 2964 et
1013 2911 1117 2964 lecisset
1130 2909 1277 2978 gravidam,
1287 2911 1319 2962 ti-

842 3017 915 3052 meus
929 3002 1072 3058 lunonem.
1086 2999 1231 3053 secundum
1241 3017 1319 3068 quos-

845 3091 921 3148 dam,
934 3102 1020 3145 terrae
1033 3087 1319 3158 commendavitipsaur

845 3179 972 3250 puellam.
991 3187 1019 3232 et
1037 3176 1092 3229 illie
1105 3175 1185 3229 enixa
1205 3186 1254 3228 est·
1272 3176 1320 3228 So-

845 3267 961 3322 cundnm
971 3263 1056 3322 alios.
1077 3274 1138 3335 post
1148 3262 1320 3334 partnmeius

844 3356 945 3410 eunde
956 3367 1025 3408 terra
1035 3353 1185 3424 erupissent
1192 3352 1246 3404 duo
1256 3371 1317 3424 pue·

845 3443 869 3496 ri
880 3477 887 3500 .
900 3441 984 3495 Palici
993 3450 1057 3494 suut
1066 3438 1151 3495 dicti.
1166 3437 1246 3508 quasi
1270 3438 1324 3490 ite·

845 3549 904 3584 rurn
915 3530 1059 3584 venientes.
1075 3527 1110 3580 lli
1120 3526 1205 3598 primo
1224 3527 1321 3578 huma·

846 3619 888 3672 ais
899 3617 994 3671 hostiis
1014 3615 1207 3688 placabantur:
1227 3627 1320 3686 postea

847 3706 1008 3778 quibusdam
1019 3707 1101 3760 sacris
1116 3707 1233 3776 mitigati
1245 3715 1325 3763 sunt.
1409 3707 1415 3717 “

847 3806 968 3848 eteorum
977 3792 1325 3849 immutatasacrisrciaddeo

846 3895 933 3936 autem
950 3901 995 3934 ara
1021 3881 1174 3954 placabilis.
1188 3885 1232 3950 (a)
1255 3882 1321 3951 quia

315 3985 379 4026 runt
397 3971 561 4040 generandae
571 3973 664 4044 prolis.
686 3973 792 4045 Apolli·
832 3990 922 4026 corum
931 3971 1054 4038 mitigata
1070 3973 1261 4030 suutnumiaa.

341 4059 382 4122 (r)
400 4059 457 4108 cod.
476 4063 527 4120 qul.

897 4053 937 4119 (2)
954 4061 1015 4119 virg.
1034 4065 1088 4104 teu.
1107 4063 1153 4107 lx.
1171 4053 1223 4106 585.
