3606 5356
505 714 509 723 ¹
624 703 885 752 ouossu.
1162 675 1237 780 467

302 878 372 936 tem
395 878 428 936 et
445 861 628 960 glombum
646 877 680 936 et
699 868 861 960 glomera
880 875 1010 938 neutro
1026 887 1161 960 genere
1179 884 1266 965 peu·

301 1011 341 1056 sa
364 987 564 1058 mulierum.

253 1099 388 1187 Gihbi,
410 1100 602 1198 gibbiores.

253 1219 525 1320 Gurgustioium
538 1279 553 1307 ,
577 1235 722 1294 aratrum
749 1235 885 1296 secrete
911 1235 1110 1319 augustum.

252 1339 419 1414 Guorum
430 1397 445 1427 ,
470 1347 536 1443 qui
550 1346 720 1444 peritiam
734 1347 878 1442 primae
897 1347 1054 1416 veritatis
1077 1345 1265 1418 imbuunt.

254 1456 412 1530 Garrire
439 1473 558 1532 autem
584 1465 694 1537 multa
725 1458 833 1534 verba
859 1475 894 1534 et
922 1459 1065 1534 sordide
1088 1463 1198 1562 loqui
1256 1520 1259 1534 .

257 1575 494 1676 Gratficum,
521 1594 684 1676 gratum.
717 1578 910 1680 Gratijiotu
944 1597 996 1656 est
1028 1585 1121 1654 enim
1152 1583 1267 1678 grutt's

293 1695 453 1798 faciens.

259 1814 446 1890 Gratiosus
457 1873 473 1904 ,
498 1824 563 1922 qui
581 1843 652 1892 nou
671 1825 761 1894 iuste
781 1825 975 1922 uuicuique
994 1819 1095 1923 quod
1110 1833 1270 1894 meretur

308 1933 443 2010 tribuit.

261 2051 423 2140 Giaber,
449 2080 563 2128 rasus.

262 2171 454 2274 Gymnasia
484 2174 656 2247 diowuur
681 2179 761 2250 toea
785 2182 823 2250 in
852 2174 983 2280 ortibus
1008 2173 1273 2264 mathomus

312 2307 557 2367 exercentur:
585 2296 680 2366 unde
706 2302 863 2369 omnium
889 2323 1009 2400 prope
1038 2301 1170 2369 artium
1209 2321 1273 2368 ex-

311 2421 438 2490 ercitia
459 2422 645 2516 gymnasia
674 2418 854 2494 dicuntur.

263 2534 385 2608 Gazae
411 2535 581 2609 dicuutur
607 2535 748 2609 divitiae
767 2543 890 2637 lingua
910 2539 1132 2624 Persarum,
1157 2563 1180 2608 a
1205 2533 1274 2606 Ga·

313 2684 357 2730 za
385 2657 518 2758 oppido
544 2655 793 2745 Graecorum,
819 2665 857 2732 iu
875 2686 948 2762 quo
966 2664 1051 2734 olim
1075 2660 1274 2734 Persarum

312 2803 387 2850 rex
413 2777 550 2850 divitias
575 2794 802 2875 congesserat
825 2784 1015 2854 universas.

265 2898 521 2985 Gratissimus,
546 2913 581 2972 et
609 2905 728 2972 animo
755 2915 790 2972 et
818 2927 975 3001 corpore
1004 2903 1148 2978 dicitur.

265 3017 512 3092 Genuiuorum
533 3019 717 3104 demtum,
739 3026 893 3122 proprie
923 3025 1138 3094 ultimorum.

267 3139 494 3226 Gutturneo,
518 3152 631 3236 guuo.

267 3259 417 3345 Gallus,
437 3263 560 3360 pidlus
585 3263 807 3356 gallinacius.

269 3377 474 3466 Guaruris,
497 3405 662 3480 guarus,
684 3386 807 3456 sciens.

269 3495 519 3584 Gallioieiota,
543 3503 680 3573 cortice
705 3504 808 3572 nucis
834 3499 1012 3596 iuglandis
1038 3499 1186 3586 viridis,
1207 3523 1280 3602 per

316 3645 424 3721 quem
450 3646 585 3722 corpus
608 3617 802 3692 meumuum
830 3623 982 3718 iruelligi
1007 3623 1087 3694 visit.

270 3733 512 3823 Graoascela,
532 3763 687 3835 graves,
712 3739 801 3810 idest
823 3741 919 3810 muti.

271 3857 440 3942 Gramis,
464 3862 624 3952 gramis,
649 3883 744 3960 quae
771 3871 854 3930 suut
879 3860 1032 3958 pituitae
1056 3861 1254 3934 ocsdorwu.

273 3976 434 4064 Gerros,
459 4001 573 4073 {uagas
602 3982 833 4081 ineptiasque.

921 4145 1014 4216 30*
