3646 5342
549 635 569 678 a
821 607 1192 681 MYTHOGRAPHUS
1228 611 1254 679 I.

689 771 716 830 3·
735 773 844 852 Scyllae·
1066 775 1113 845 qui
1133 791 1192 828 eum
1212 775 1356 830 Pandionis
1370 774 1534 830 Athenarum

1064 863 1133 932 regis
1150 863 1249 923 filiam.
1268 867 1388 934 Prognen
1408 864 1533 922 nomine.

578 894 702 1022 Scyllae
721 952 790 1006 duae
808 950 935 1017 luerunt3
954 969 1008 1004 una
1064 950 1185 1004 durum
1205 969 1334 1010 uxorem,
1362 963 1390 1005 et
1408 969 1454 1024 per
1481 952 1532 1004 ali·

538 1040 633 1095 Phorci
651 1053 679 1096 ot
699 1041 822 1096 Cretidos
836 1042 906 1098 iilia.
927 1057 1008 1111 quarn
1062 1050 1193 1112 quantum
1212 1051 1315 1112 ternpus
1338 1040 1372 1093 ah
1391 1058 1423 1095 ea
1453 1059 1534 1109 roga-

543 1147 602 1181 curn
622 1140 722 1184 smeret
740 1131 857 1184 Glaucus
876 1131 941 1184 deus
957 1147 1008 1182 rna·
1063 1140 1136 1184 retur
1152 1127 1206 1181 sibi
1226 1129 1395 1182 Philomelam
1418 1143 1532 1182 sororem

541 1217 631 1277 rinus,
656 1220 720 1272 duna
747 1218 805 1290 ipse
833 1227 966 1271 amaretur
993 1235 1010 1270 a
1064 1219 1207 1274 ridendam
1223 1217 1362 1272 accersiret
1369 1237 1379 1284 ς
1397 1217 1531 1289 proiectus

539 1307 631 1365 Ciroe.
659 1317 687 1361 et
707 1324 765 1360 earn
792 1317 1006 1378 contempneret.
1063 1305 1276 1366 Athenas.rlaru
1296 1304 1440 1360 abduceret
1453 1303 1532 1376 puel-

538 1393 583 1446 illa
603 1404 685 1448 nacta
702 1393 817 1452 iontem.
845 1393 874 1447 in
900 1411 954 1464 quo
979 1411 1008 1446 se
1062 1395 1129 1452 lam.
1156 1411 1215 1447 earu
1237 1392 1347 1446 vitiavit
1366 1392 1395 1445 ln
1417 1391 1531 1455 itiner05

537 1480 622 1550 Scylla
645 1479 747 1536 solebat
765 1479 888 1539 abluere,
917 1480 1008 1536 iniecit
1061 1492 1089 1536 et
1108 1481 1134 1538 ei
1152 1482 1287 1550 linguam.
1305 1499 1339 1535 ne
1360 1479 1464 1534 lucinus
1486 1479 1529 1532 in·

538 1569 657 1622 venenis.
675 1571 707 1622 in
726 1587 807 1640 quens
824 1586 882 1622 curn
902 1568 1008 1622 deseen-
1063 1568 1185 1627 dicaret,
1215 1566 1341 1622 abscidit·
1368 1566 1419 1618 Illa
1443 1575 1531 1619 tamen

538 1652 621 1708 disset
641 1655 745 1728 puella,
774 1655 862 1710 media
879 1667 955 1729 parto
978 1657 1006 1710 in
1060 1658 1195 1726 querelem
1229 1657 1257 1710 in
1274 1667 1347 1710 vesto
1361 1673 1411 1708 suo
1437 1671 1531 1708 cruore

538 1740 606 1795 seras
620 1756 781 1799 commutata
793 1757 843 1800 est.
858 1745 949 1800 Altera
966 1763 1008 1800 re·
1061 1745 1220 1818 descriptam
1244 1745 1319 1800 misit
1349 1743 1445 1798 sorori.
1472 1745 1531 1812 Qua

537 1849 567 1884 ro
587 1831 674 1900 Scylla
699 1832 753 1888 tuit
779 1834 838 1888 Nisi
867 1835 1005 1902 Megaren·
1062 1835 1185 1903 cognita,
1215 1837 1318 1904 Progne
1339 1832 1422 1901 Ithyn
1447 1831 1531 1884 filiurn

537 1921 606 1972 sium
633 1921 702 1991 regis
722 1923 793 1976 lilia:
821 1933 913 1976 eontra
939 1941 1005 1994 quos
1061 1923 1214 1980 interemit.
1234 1921 1346 1994 etpatri
1365 1920 1527 1992 epulandum

536 2009 600 2063 tum
621 2011 733 2066 devictis
753 2011 807 2066 iura
832 2012 1004 2067 Atheniensi·
1060 2013 1194 2085 apposuit·
1209 2013 1302 2066 Postea
1317 2028 1406 2064 ornnes
1419 2011 1449 2064 in
1469 2029 1530 2064 aves

536 2095 586 2152 bus
607 2111 736 2170 pugnaret
763 2101 869 2158 Minos.
897 2111 1005 2172 proptor
1059 2100 1156 2155 mutati
1174 2111 1256 2158 suut.
1275 2099 1394 2152 Thereus
1419 2098 1529 2168 inupu·

537 2185 586 2238 lilii
601 2187 735 2256 Androgei
752 2188 907 2246 interitum,
927 2205 1006 2258 quem
1058 2207 1136 2260 pam,
1147 2189 1223 2258 ithys
1238 2189 1265 2241 in
1282 2186 1457 2259 phasianum.
1468 2188 1531 2240 l‘ro·

537 2273 711 2329 Athenienses
730 2285 757 2328 et
776 2277 942 2344 Megarenses
960 2275 1004 2328 do·
1060 2278 1156 2345 gneio
1182 2277 1368 2332 hirundinem.
1386 2275 1531 2328 Philomela

533 2361 560 2415 lo
581 2374 754 2423 necaverant.
782 2375 885 2417 ornatus
915 2375 957 2418 est
987 2382 1003 2417 a
1059 2367 1087 2420 iu
1106 2366 1256 2420 lusciniam.

534 2451 621 2520 Scylla
651 2452 712 2507 Nisi
738 2451 793 2506 fitia
818 2472 824 2504 :
853 2471 922 2524 quae
950 2463 1004 2513 ut.

533 2533 607 2594 hosti
635 2552 726 2613 posset
750 2541 876 2613 plaeere.
900 2560 1001 2597 comam
1135 2537 1160 2597 5·
1180 2541 1303 2614 Cyclopis
1322 2552 1350 2596 et
1368 2539 1474 2595 Acidos·

534 2645 695 2698 purpuream
709 2629 816 2701 parenti
830 2629 958 2684 abscisam
977 2631 1004 2684 ei

534 2713 651 2774 obtulit,
672 2734 753 2787 quern
772 2717 853 2772 Nisus
883 2719 923 2773 ita
953 2721 1005 2772 ha·
1095 2661 1237 2789 Cyclops
1261 2716 1361 2771 dieitur
1386 2713 1528 2786 nympham

534 2800 630 2856 buerat
651 2815 849 2863 consecratum,
873 2817 905 2860 ut
931 2816 1001 2861 tarn-
1057 2821 1156 2857 amasse
1180 2804 1346 2858 Galatlream·
1373 2803 1447 2873 Quae
1466 2817 1527 2852 curn

533 2887 581 2940 diu
602 2907 682 2958 regno
702 2891 851 2964 potiretur.
871 2895 1000 2963 quamdiu
1057 2893 1126 2947 Acin
1144 2892 1286 2963 quemdam
1307 2901 1438 2963 pastorem
1456 2906 1526 2941 ama·

532 2976 603 3029 illam
623 2979 761 3036 habuisset
780 2981 919 3036 intactam.
939 2984 996 3038 Pos·
1053 2992 1109 3040 ret,
1123 2992 1151 3035 et
1170 2982 1359 3052 Polyphemum
1369 2989 1524 3052 sperneret.

531 3075 574 3120 tea
596 3078 623 3122 et
644 3067 731 3138 Scylla
752 3070 872 3125 ahlinoii
886 3083 1001 3126 eonten-
1055 3072 1100 3125 ille
1120 3071 1204 3124 iratus
1233 3072 1302 3126 Acin
1323 3069 1450 3132 necavit5
1478 3065 1527 3138 qui

529 3167 593 3227 pta.
612 3155 701 3211 dolore
722 3157 751 3213 iu
772 3177 847 3214 treta
874 3177 999 3214 conversa
1055 3172 1146 3234 postea
1177 3161 1325 3216 Galatheae
1355 3159 1527 3214 miseratione

529 3256 584 3298 est:
614 3257 641 3300 et
660 3245 742 3301 Nisus
762 3247 916 3306 extinctus.
936 3248 1000 3302 deo-
1054 3250 1082 3302 in
1108 3248 1208 3304 iontem
1239 3263 1358 3304 mutatus
1388 3261 1452 3308 est.
1479 3246 1526 3317 qui

528 3351 586 3385 rum
607 3334 779 3389 miseratione
808 3335 837 3387 in
859 3335 917 3388 avis
939 3353 1001 3388 rnu-
1053 3336 1187 3408 hodieque
1209 3335 1466 3392 absciderentur
1490 3332 1528 3385 di·

527 3431 600 3474 tatus
619 3431 660 3476 est
686 3420 811 3476 formant:
837 3439 906 3492 quae
935 3441 995 3478 aves
1055 3428 1133 3482 citur.

527 3507 607 3560 hodie
626 3509 740 3578 llagrant
760 3508 830 3562 inter
850 3527 878 3564 se
901 3527 997 3579 magna

529 3595 672 3649 discordia·
1111 3597 1138 3656 6.
1156 3600 1258 3656 Silvani
1276 3611 1304 3654 et
1324 3597 1474 3672 Cyparissi-

589 3773 617 3839 4.
637 3771 733 3828 Thesei
752 3783 780 3829 et
798 3775 919 3843 Prognes·
1094 3721 1242 3836 Silvanus
1255 3777 1372 3830 deusest
1387 3775 1523 3829 silvarum.

1054 3871 1104 3922 llic
1117 3867 1214 3922 amavit
1226 3883 1335 3938 puerum
1349 3863 1521 3936 Cyparissum

565 3892 709 4005 Theseus
723 3967 769 4004 rex
782 3949 915 4005 Thracum
929 3951 998 4011 luit.
1055 3957 1178 4012 nornine.
1197 3954 1244 4024 qui
1265 3948 1382 4004 hahebat
1402 3967 1522 4004 mansue·
