3666 5338
557 633 600 722 76

546 811 633 854 vatem
655 803 789 873 surrepit3
818 806 866 874 qui
889 823 948 860 cnm
970 807 1016 860 di-

823 639 1191 716 MYTHOGRAPHUS
1214 649 1241 716 1.

1070 811 1131 866 dere
1147 817 1463 880 normannicarum
1479 845 1541 900 per·-

546 889 753 958 xiesetquadaru
770 903 847 945 noete
861 893 933 946 nasci
947 912 1013 965 pue-
1068 903 1207 956 renitibi
1222 892 1346 961 abla'rha
1372 927 1430 979 rege
1459 915 1540 968 Mau-

545 994 622 1034 rum.
646 995 691 1047 per
721 995 799 1047 quem
823 979 904 1033 Troia
929 992 1016 1052 posset

546 1063 653 1122 everti.
691 1065 805 1132 contigit
832 1077 863 1119 ut
890 1067 1014 1120 similiter

545 1162 685 1222 parerent.
704 1151 832 1219 Tymotae
847 1169 912 1206 uxor
922 1164 949 1206 et
966 1155 1016 1206 He·

546 1237 615 1290 nubo
623 1275 629 1296 ‚
637 1257 708 1309 quae
719 1241 816 1294 Priami
827 1241 944 1308 legitima
956 1252 1013 1295 erat

546 1326 597 1380 Sed
624 1327 744 1382 Priamus
768 1331 899 1399 Tymotee
931 1331 1014 1386 filium

544 1430 704 1484 uxoremque
718 1417 797 1472 iussit
818 1419 915 1472 occidi.

560 1589 624 1648 213·
644 1593 683 1646 De
696 1603 780 1646 morte
795 1594 892 1648 Priami
903 1596 977 1650 varia

645 1741 649 1754 ι
720 1685 824 1758 opinio·

575 1800 647 1915 De
664 1873 749 1917 morte
767 1863 865 1918 Priami
881 1863 955 1918 varie
978 1865 1015 1917 le-

545 1957 617 2004 ctum
637 1962 691 2005 eet.
716 1951 773 2005 Alii
797 1952 891 2006 dieunt
910 1953 1015 2024 quoda

538 2039 641 2108 Pyrrho
662 2039 691 2093 in
719 2040 796 2096 domo
824 2041 933 2111 quidem
964 2059 1012 2094 sua

542 2128 1013 2198 coptuseet.etadtumulumAcirii-

540 2213 574 2266 iis
597 2225 717 2273 mactus.
737 2217 839 2271 occisus
863 2229 917 2276 est,
937 2219 1013 2270 iuxta

539 2302 661 2368 sigaeum
698 2306 923 2373 promontorium:
951 2325 1011 2358 num

540 2389 580 2442 ihi
611 2391 730 2464 sepultus
760 2405 810 2446 est.
849 2394 926 2447 Tune
954 2397 1011 2450 eius

539 2491 621 2551 eaput
639 2492 718 2536 conto
734 2485 816 2535 iirum
837 2483 1010 2538 circumtulit.

539 2567 594 2624 Alii
603 2587 663 2623 vero
674 2571 777 2628 dieunt.
786 2572 859 2642 quod
870 2572 945 2626 iuxta
953 2573 1010 2625 irer-

536 2656 576 2709 eei
592 2657 661 2710 iovis
671 2675 742 2710 orem
756 2659 891 2713 extinctus
901 2660 947 2714 rit.
957 2661 1007 2714 Un·

536 2742 763 2814 deLucanus(r):
781 2745 912 2804 beroeae.
938 2763 1010 2800 mora·

535 2833 714 2888 atretorait.
733 2851 787 2883 non
801 2836 915 2906 respicio
922 2830 1010 2887 arari
1023 2833 1025 2839 '

537 2921 573 2969 Et
598 2915 667 2969 hanc
684 2917 834 2990 opinionem
854 2921 931 2993 plene
945 2922 1010 2974 vir-

537 3004 616 3074 gilius
646 3006 858 3078 sequitur31icet
871 3011 951 3065 etiam
963 3012 1008 3066 illu

535 3093 682 3170 perscripta
702 3096 740 3150 eit
756 3097 889 3170 pluribus.

660 3275 722 3340 ard·
741 3275 864 3332 Didonis.

569 3385 672 3500 Dido
690 3449 806 3505 Metonis
825 3451 900 3513 iiiia.
916 3461 1005 3525 'wem

534 3531 667 3600 Virgilius
692 3534 782 3589 Belum
804 3539 940 3600 nominat,
960 3541 1004 3594 in·

534 3617 644 3673 terfecto
666 3619 770 3676 Acerbo
796 3627 908 3694 coniuge
936 3646 1001 3687 eoo.

532 3723 611 3776 quem
637 3707 779 3776 Virgilius*
793 3712 929 3766 Sichnrum
951 3734 1002 3769 no·

530 3792 637 3851 minat.
657 3813 672 3845 a
694 3797 864 3866 Pygmalione
877 3819 934 3870 rege
946 3801 1000 3866 fro·

532 3890 625 3952 ireque
641 3901 704 3942 suo,
721 3905 766 3956 por
782 3887 869 3956 sugam
889 3890 978 3961 cirpea
994 3929 1002 3952 .

529 3986 608 4022 naves
628 3971 748 4027 ascendit
760 3990 819 4026 cum
830 3993 924 4047 magno
932 3997 995 4051 pon·

554 4098 593 4165 (t)
609 4104 713 4154 Pheraei.
733 4109 772 4154 ΙΧ.
788 4115 844 4167 979.

1072 1009 1159 1045 rorum
1169 995 1330 1049 tantumsoii
1349 999 1431 1059 emit,
1451 1019 1540 1072 quun-

1070 1093 1126 1136 tum
1152 1083 1225 1138 corio
1244 1083 1319 1139 bovis
1338 1101 1426 1158 posset
1450 1091 1539 1146 metiri

1068 1171 1111 1226 vel
1132 1189 1281 1244 oocupare3
1297 1187 1325 1229 et
1336 1175 1428 1232 iraude
1446 1179 1538 1233 urbem

1069 1257 1232 1312 vindicavit.
1252 1261 1319 1314 Nam
1343 1264 1442 1317 corium
1457 1265 1486 1318 in
1499 1277 1543 1319 te-

1067 1348 1208 1402 nuissimas
1215 1351 1340 1419 corrigias
1348 1365 1448 1406 sectum
1458 1365 1542 1408 teten-

1069 1433 1110 1485 dit
1118 1454 1127 1497 3
1141 1437 1335 1508 occupavitque
1348 1440 1436 1494 stadie
1453 1441 1541 1492 XXII.

1067 1522 1111 1574 0h
1122 1523 1220 1576 iactum
1232 1561 1239 1584 ‚
1250 1527 1357 1594 Byrsam
1369 1541 1461 1600 postea
1472 1529 1541 1584 Car-

1067 1612 1200 1681 thaginem
1227 1616 1345 1670 vocavit.

1133 1785 1195 1843 215.
1214 1788 1332 1844 Historia
1351 1791 1469 1846 Saturni.

1106 1909 1278 2027 Saturnus.
1306 1969 1401 2024 amissa
1433 1988 1537 2042 possem

1068 2053 1142 2108 eione
1154 2053 1240 2112 coeii.
1257 2073 1316 2109 eum
1331 2075 1377 2128 per
1393 2069 1478 2112 totum
1495 2079 1535 2113 or·

1067 2141 1126 2195 irem
1144 2144 1269 2214 profugus
1291 2159 1408 2207 erraret.
1432 2150 1532 2202 lunone

1068 2231 1187 2290 sociata.
1206 2251 1239 2286 ne
1254 2233 1330 2302 longo
1348 2235 1436 2290 toedio
1452 2236 1537 2290 lasso-

1067 2329 1109 2372 rot
1137 2319 1213 2379 vioe.
1236 2337 1293 2372 eam
1312 2321 1436 2393 nymphis
1456 2321 1534 2376 Airi-

1065 2424 1112 2460 eue
1131 2409 1324 2462 commendarit
1346 2411 1479 2464 alendam:
1502 2429 1535 2464 ex

1063 2511 1118 2564 quo
1131 2493 1319 2561 Carthaginem
1335 2514 1455 2564 magnam
1468 2499 1534 2552 luno

1063 2599 1166 2654 semper
1188 2581 1332 2636 habitavit.

1081 2753 1143 2812 216.
1164 2759 1203 2810 De
1226 2755 1332 2812 Didone
1348 2769 1376 2812 et
1397 2757 1509 2814 condita

1224 2843 1397 2912 Carthagine.

1097 2959 1200 3076 Dido
1208 3023 1533 3096 cumpertmneiretquan·

1060 3108 1121 3162 dam
1137 3110 1268 3169 insulam.
1288 3112 1397 3167 Iunonie
1416 3114 1470 3167 illie
1485 3131 1532 3166 ac-

1060 3196 1132 3268 eepit
1147 3199 1282 3252 oraculum
1295 3235 1302 3257 .
1319 3211 1348 3252 et
1362 3203 1531 3255 sacerdotem

1060 3284 1117 3338 eine
1126 3299 1214 3338 seeum
1225 3284 1355 3344 abstulit,
1370 3303 1428 3340 cum
1440 3289 1465 3341 ei
1479 3303 1531 3358 pr-

1059 3390 1117 3424 rum
1136 3373 1253 3426 erederet
1267 3373 1434 3444 promittenti
1453 3373 1527 3428 sedet

1059 3457 1239 3526 Carthaginis·
1259 3460 1390 3528 Quocum
1403 3461 1528 3519 venisset.

1058 3545 1180 3598 sacerdos
1191 3545 1271 3612 elegit
1290 3544 1376 3598 iocum
1391 3546 1529 3602 faciendae

1060 3628 1119 3683 urbi
1129 3651 1136 3682 :
1145 3630 1316 3702 quoeiioeeo.
1334 3631 1470 3686 inventum
1483 3645 1525 3688 eat

1055 3729 1136 3788 eaput
1149 3718 1234 3772 bovis.
1251 3719 1328 3789 Quod
1353 3739 1411 3772 eum
1431 3721 1528 3794 displi-

1055 3805 1173 3865 cuisset.
1194 3807 1261 3878 quia
1279 3807 1326 3861 bos
1338 3826 1438 3880 semper
1461 3809 1528 3862 eub-

1054 3893 1162 3961 iugrtur
1172 3916 1181 3960 ς
1193 3897 1245 3949 aiio
1254 3896 1311 3952 iooo
1321 3899 1429 3955 effosso.
1443 3909 1525 3970 ceput

1054 3983 1118 4056 equi
1139 3983 1274 4042 inventum
1297 3997 1346 4041 eet.
1364 3987 1399 4041 Et
1414 3986 1527 4060 plauit.
