3646 5342
538 617 581 703 34
816 614 1193 688 MYTHOGRAPHUS'·
1211 621 1237 687 1.

524 785 623 860 Enipet
641 802 735 840 notem
749 783 820 838 filice
837 784 994 842 insolentius
1050 784 1102 842 ¹88.
1120 788 1225 846 Lssreri,
1243 788 1340 844 Sileni.
1359 787 1451 840 ididoe
1468 801 1507 837 re·

521 858 589 928 ¹‹luor
608 873 773 943 glorientur,
791 891 879 927 mesu
901 873 930 927 in
942 891 997 929 cer·
1110 877 1168 946 gis.
1188 887 1216 932 et
1234 875 1335 931 Pactoli
1353 873 1440 929 duvii.

524 959 629 1014 tomice
657 970 869 1030 provocaverunt
891 971 994 1016 cantus·
1298 997 1301 1002 -

523 1051 643 1124 Quarum
675 1065 731 1101 une
766 1064 871 1102 carmen
900 1065 994 1103 exorsa
1082 991 1189 1106 Liber
1216 1051 1333 1105 'l'lrrtcia
1360 1049 1512 1118 digressus.
1540 1065 1542 1074 ’

525 1148 589 1194 est,
614 1135 689 1208 quod
716 1135 834 1204 gigantes
864 1134 990 1192 advertus
1044 1154 1104 1191 cum
1118 1137 1251 1192 io'l'molo
1259 1149 1348 1192 monte
1357 1137 1407 1192 iter
1417 1145 1515 1204 egeret,

522 1224 586 1279 dect
609 1221 812 1278 contenderint:
839 1239 872 1276 ex
893 1221 991 1294 quibus
1044 1225 1146 1280 Silenus
1170 1225 1288 1282 nutritor
1313 1225 1371 1279 eius
1392 1241 1409 1276 a
1427 1211 1514 1291 Pliry-

521 1311 666 1384 Typhoeus
681 1309 827 1379 terrigena.
839 1309 993 1365 detormier-
1044 1312 1121 1383 gibus
1135 1326 1244 1388 eaptus.
1264 1314 1299 1368 nd
1313 1312 1415 1368 ididem
1428 1327 1514 1380 regem

523 1410 551 1454 te
573 1398 698 1454 terurisce
718 1398 781 1454 deos
802 1397 942 1471 conpulsos
963 1399 992 1454 io
1046 1399 1201 1456 duetusere.
1220 1401 1321 1455 Silenus
1337 1411 1429 1456 sutem
1443 1396 1514 1468 agni·

522 1483 684 1556 Aegyptum·
703 1484 746 1538 lbi
759 1485 880 1559 luppiter
891 1484 925 1541 oh
939 1504 992 1540 me·
1046 1495 1090 1541 tus
1110 1483 1145 1540 ab
1161 1505 1193 1542 eo
1212 1499 1334 1559 aceeptus
1346 1499 1401 1543 ert.
1419 1495 1448 1538 et
1464 1483 1513 1536 Li-

522 1583 580 1626 tum
608 1571 638 1626 iu
668 1573 776 1630 arietem
807 1591 898 1629 versus
925 1586 989 1634 est.
1044 1573 1108 1629 hero
1119 1574 1272 1629 advenienti
1283 1574 1413 1629 redditus
1431 1569 1512 1627 Etob

520 1657 615 1732 Apollo
643 1659 671 1714 io
702 1677 809 1716 corvum
827 1697 834 1719 .
852 1660 932 1716 Liber
960 1661 988 1716 io
1041 1663 1215 1722 heneficium,
1233 1661 1340 1736 optanti
1358 1663 1422 1716 deus
1442 1659 1512 1734 arbi-

520 1764 643 1820 ceptum,
663 1749 751 1804 Dieuc
771 1749 799 1804 io
813 1749 902 1809 telem,
921 1751 988 1805 lune
1042 1751 1123 1806 trium
1135 1751 1160 1804 ei
1179 1750 1271 1808 dedit.
1291 1749 1400 1820 siquid
1419 1747 1511 1805 vellet.

519 1837 551 1890 in
573 1853 698 1912 vaccam.
716 1836 809 1891 Venus
832 1838 861 1892 iu
880 1837 987 1908 piscem.
1043 1857 1108 1893 ase
1129 1849 1228 1911 petere·
1257 1838 1305 1891 ille
1334 1854 1397 1890 vero
1422 1834 1511 1905 petit.

516 1924 634 1979 Invicem
652 1937 740 1980 autem
753 1927 845 1981 tensae
860 1943 919 1980 eum
934 1927 986 1980 Ce-
1041 1936 1073 1980 ut
1086 1945 1156 1998 quae
1167 1926 1338 1996 contigisset,
1357 1943 1451 1979 curum
1464 1925 1509 1976 lie·

516 2015 583 2070 reris
592 2014 697 2068 leodem
706 2014 989 2086 cecinissent'.etqua·
1040 2025 1109 2067 rent·
1136 2015 1214 2080 Quod
1238 2013 1338 2080 inutile
1353 2011 1415 2066 luit.
1442 2011 1510 2064 Nam

516 2101 576 2156 liter
595 2101 739 2174 Typhoeus
757 2102 877 2156 Aethere
889 2104 988 2157 mento
1042 2101 1130 2172 coepit
1139 2102 1183 2156 eoi
1198 2101 1254 2156 voti
1264 2103 1359 2156 effectu
1373 2097 1510 2170 torqueri.

515 2190 590 2244 silice
609 2189 746 2245 subiectus
765 2202 850 2250 esset.
869 2191 987 2246 Pierides
1042 2188 1109 2258 quir
1120 2187 1252 2258 quicquid
1266 2188 1402 2256 tetigerat.
1416 2203 1509 2239 eurum

515 2280 603 2336 victae
622 2281 651 2334 in
668 2281 742 2352 pices
764 2293 827 2335 sunt
848 2282 986 2350 transfigu—
1040 2276 1132 2330 sittim
1144 2275 1317 2337 efficiebatur.
1337 2275 1389 2331 cni
1405 2273 1507 2348 petenti

515 2380 603 2424 ratae.
973 2427 980 2438 .
1037 2373 1069 2417 ut
1079 2363 1266 2422 restitueretur
1275 2361 1428 2422 sibi‚lecit.
1448 2361 1508 2413 lus-

969 2473 977 2486 ·
1035 2451 1072 2506 tit
1094 2450 1166 2504 enim
1188 2462 1219 2504 ut
1239 2451 1274 2504 od
1296 2451 1393 2504 flumen
1412 2451 1510 2504 Pacto-

651 2539 694 2615 87·
714 2541 831 2596 Orietae.
909 2585 917 2606 ,
1036 2537 1090 2590 lum
1108 2534 1275 2609 perveniret.
1294 2537 1340 2590 cui
1359 2553 1387 2589 se
1407 2553 1505 2606 coppo·

555 2654 610 2773 O
1039 2633 1133 2682 neret.
1151 2633 1178 2676 et
1198 2622 1237 2675 sic
1261 2623 1361 2677 rediret
1385 2623 1414 2675 in
1434 2621 1507 2694 pris·
1569 2667 1571 2672 .

613 2714 680 2770 rista
693 2715 736 2787 (t)
746 2725 837 2788 pastor
852 2715 920 2770 Ocni
941 2733 985 2768 re-
1041 2711 1127 2766 tinum
1140 2719 1249 2764 statum·
1269 2711 1327 2779 Quo
1341 2707 1426 2765 lacto,
1447 2709 1507 2759 Pac·

513 2805 567 2871 pis.
583 2821 644 2856 cum
657 2803 761 2858 videret
774 2819 882 2875 caprum
896 2823 912 2856 o
924 2821 985 2873 gre·
1041 2803 1110 2855 tolus
1135 2798 1258 2868 deinceps
1276 2799 1391 2851 harenas
1411 2815 1505 2850 aureas

514 2910 545 2962 ge
554 2892 660 2964 saepius
672 2891 866 2950 discedentem,
877 2909 937 2946 eum
947 2911 986 2948 se·
1040 2888 1146 2942 trahere
1165 2885 1273 2940 dicitur.

513 2992 614 3036 cutus.
633 2997 711 3034 uvam
734 2980 922 3053 depascentem
940 2980 983 3034 in-

511 3071 585 3126 venit
606 3071 707 3144 incipe
722 3069 834 3128 Acheloi
849 3071 981 3127 dominis:
1133 3064 1178 3138 89.
1197 3065 1236 3120 De
1254 3074 1314 3119 ortu
1334 3063 1424 3118 Panis.

513 3177 595 3230 qoem
616 3158 710 3213 sertim
731 3158 877 3232 expressit.
898 3176 929 3211 cc
949 3158 982 3214 de

510 3264 586 3317 tque
610 3245 721 3300 Acheloi
747 3243 881 3303 fluminis.
907 3245 983 3300 inser
1071 3189 1163 3301 Post
1181 3255 1290 3299 mortem
1309 3244 1411 3302 Ulixis.
1430 3243 1504 3297 ider-

513 3351 594 3404 quam
612 3333 700 3388 iuerat
719 3332 841 3390 invento.
861 3331 981 3386 commic-
1034 3331 1124 3387 eoriue
1136 3349 1195 3385 eum
1207 3349 1289 3386 uxore
1298 3331 1356 3384 eius
1371 3325 1502 3400 Penelope

509 3421 586 3478 cuit.
601 3420 754 3491 obtulitque
766 3419 837 3488 regi:
857 3419 905 3490 qui
928 3436 976 3474 suo
1031 3419 1193 3490 concubuit3
1211 3418 1347 3493 quaesibi
1362 3418 1440 3472 iuxto
1455 3436 1501 3489 op·

507 3509 614 3563 nomino
640 3526 732 3576 graeco
756 3525 874 3562 sermone
894 3507 977 3566 elles.
1031 3506 1126 3579 pidum
1142 3507 1259 3576 Tegeum
1275 3505 1380 3580 peperit
1397 3502 1500 3558 filium.

510 3595 596 3652 idest
616 3597 725 3670 ripum.
745 3597 897 3670 appellavit.
1029 3599 1086 3652 Pen
1110 3598 1229 3653 nomine:
1249 3597 1320 3652 uode
1337 3608 1367 3651 et
1382 3597 1500 3665 Tegceus

1033 3683 1146 3740 dicitur.

559 3868 603 3936 (Ι)
619 3871 772 3935 Apollodorus
789 3877 869 3920 serilrlt
884 3875 1009 3950 ’opiam
1028 3876 1070 3924 lit».
1088 3880 1108 3921 1.
1126 3890 1149 3935 7.
