3634 5336
616 717 673 768 sus
691 713 888 768 uousrmto
908 716 976 768 tire.
1194 695 1266 798 391

293 876 388 978 quod
402 875 446 950 de
464 901 608 976 corpore
628 891 781 970 exeunt3
800 873 860 946 sed
874 872 970 946 diem
982 875 1101 952 obitus
1114 891 1197 951 corte
1210 903 1304 954 mor-

285 1013 355 1069 tem
379 995 549 1070 babentes
575 991 867 1093 praecognitum:
887 1019 1009 1068 omnes
1034 995 1132 1070 enim
1157 1013 1305 1076 eentum

288 1138 464 1190 annorum
479 1111 683 1186 moriuntur
700 1167 710 1200 ‚
732 1127 768 1184 et
781 1111 894 1184 maior
907 1111 1056 1187 minoris
1068 1131 1220 1188 mortem
1230 1143 1306 1192 non

280 1229 401 1321 videt,
421 1256 490 1304 nec
517 1246 679 1330 parentes
698 1228 789 1302 filios
808 1229 991 1330 plangunt
1003 1229 1098 1306 Cum
1117 1260 1199 1332 ergo
1220 1234 1301 1309 uni-

282 1349 414 1450 cuique
441 1349 584 1422 illorum
608 1347 684 1422 dies
709 1349 833 1422 mortis
861 1350 1018 1450 eoeperit
1036 1351 1302 1453 propinquare,

274 1469 361 1542 lacit
380 1469 447 1542 sibi
468 1469 723 1569 sarcophagum
741 1495 782 1541 ex
803 1468 1018 1542 aromatibus
1037 1471 1176 1546 varium
1188 1528 1198 1560 ‚
1212 1499 1300 1572 quo-

278 1588 377 1662 niam
402 1607 489 1689 aput
514 1617 572 1662 eos
599 1605 754 1661 aromata
786 1588 1036 1664 multarunt:
1064 1607 1101 1663 et
1135 1615 1220 1665 cum
1250 1589 1302 1664 vi·
1346 1666 1349 1673 A

277 1709 374 1782 renti
399 1709 525 1786 ultima
549 1709 686 1782 venerit
710 1709 828 1796 hora,
856 1735 978 1782 omnes
1004 1709 1160 1785 salutans
1187 1711 1299 1784 omni·

283 1828 419 1927 busque
445 1827 520 1902 vale
546 1827 703 1915 dicens,
730 1826 767 1898 in
796 1827 920 1900 eodem
946 1855 982 1900 se
1003 1829 1216 1929 sarcophago
1242 1855 1303 1929 po-

285 1948 340 2020 nit
363 2004 373 2036 ‚
400 1964 436 2021 et
462 1947 511 2021 ita
539 1973 623 2023 cum
649 1946 839 2020 securitate
859 1946 1011 2020 maxima
1028 1964 1178 2022 naturae
1204 1947 1301 2022 debi-

281 2085 360 2140 tum
386 2065 510 2142 reddit
530 2063 580 2140 Et
602 2068 690 2140 haee
715 2065 861 2165 quidem
892 2065 1002 2140 huius
1035 2067 1150 2162 gentis
1174 2067 1296 2143 bona.

284 2185 466 2260 Habitatio
492 2204 612 2262 autem
637 2213 762 2260 eorum
782 2204 835 2260 est
855 2186 1080 2260 mansionum
1096 2183 1299 2290 ·LXX·(1).

337 2305 359 2380 6
386 2305 475 2380 Post
498 2306 591 2380 hano
612 2322 752 2404 gentem
776 2333 818 2379 ex
845 2305 913 2380 alio
931 2305 1040 2380 latere
1060 2303 1300 2383 Brachmanae

278 2425 440 2499 referunt
463 2424 621 2498 habitare
645 2481 654 2514 ‚
680 2423 745 2524 qui
771 2440 807 2496 et
833 2422 902 2524 ipsi
929 2449 1013 2497 cum
1039 2423 1112 2498 sint
1131 2423 1208 2498 sine
1234 2425 1298 2500 im-

280 2545 379 2646 perio
409 2601 419 2636 ‚
452 2544 654 2618 vicinorum
684 2543 880 2618 bonitatem
910 2560 1071 2618 tenentes
1101 2600 1111 2636 ,
1144 2543 1300 2622 feliciter

278 2665 410 2739 vivunt.
437 2661 486 2738 Et
511 2682 564 2738 est
587 2663 757 2738 habitatio
782 2690 908 2738 eorum
932 2663 1158 2738 mansionum
1183 2663 1236 2740 ·V·

333 2811 353 2885 7
382 2782 470 2858 Post
493 2785 558 2860 hos
584 2783 650 2858 alia
676 2811 760 2882 gens
786 2811 876 2886 quae
907 2801 1056 2859 vocatur
1086 2781 1196 2860 Emer
1224 2841 1236 2877 ,
1261 2803 1299 2862 st

278 2903 354 3004 ipsa
382 2905 456 2978 sine
476 2904 789 3005 imperiorum,
811 2902 1020 3002 regulariter
1040 2904 1204 3004 transigit
1225 2962 1237 2998 ,
1262 2923 1300 2983 et

279 3023 415 3098 habitat
441 3039 573 3098 terram
597 3023 823 3098 mansionum
847 3021 1008 3097 XLVII·

337 3142 358 3246 8
385 3140 474 3216 Post
492 3141 556 3216 hos
576 3142 672 3240 regio
696 3199 706 3232 ‚
731 3167 823 3242 quae
844 3139 1041 3242 appellatur
1058 3139 1184 3216 Nebus
1207 3145 1302 3234 ,ubi

280 3257 351 3336 iam
362 3274 594 3356 tyrannorum
607 3260 830 3360 principatus
839 3259 886 3360 (a)
900 3259 1100 3350 invenitur,
1113 3278 1150 3334 et
1162 3263 1300 3361 regitur

281 3403 300 3449 a
315 3376 529 3468 maioribus,
545 3395 582 3452 et
594 3396 648 3453 est
663 3379 889 3454 mansionum
903 3375 1063 3452 ·LX·Isti
1073 3396 1111 3453 et
1124 3381 1301 3457 seminent

278 3512 315 3569 et
339 3512 481 3572 metunt
507 3527 517 3574 ε
541 3523 625 3573 nam
652 3525 759 3598 supra
789 3497 905 3572 diotae
939 3515 1095 3596 gentes,
1122 3501 1198 3574 sine
1231 3499 1298 3576 Ca-

278 3615 452 3704 marinis,
482 3619 595 3718 pomis
617 3619 819 3716 transigunt
849 3677 859 3708 ‚
883 3635 920 3692 et
946 3619 1024 3692 cibo
1052 3617 1165 3694 mellis
1191 3637 1299 3696 utun·

278 3750 338 3806 tur
364 3751 400 3806 et
425 3735 557 3835 piperis
585 3767 594 3813 :
623 3733 805 3810 Camarini
838 3755 958 3813 autem
990 3741 1209 3839 superhaec
1236 3741 1299 3815 bo·

338 3936 378 4001 (a)
396 3940 451 3988 ced.
461 3951 516 4001 tyr-s
518 3957 615 3986 sssssss
629 3949 771 4002 principum·

354 4103 398 4178 (a)
417 4103 521 4160 Mansio
538 4103 694 4176 intelligitur
716 4107 796 4161 unius
814 4107 870 4161 diei
890 4107 951 4164 iter.
