3630 5334
539 653 604 722 Sao
880 671 1148 724 nonrnrr

494 843 660 956 ponum
697 880 711 927 ,
749 847 913 904 necesse
953 841 1016 904 est
1054 819 1131 906 ubi
1163 817 1288 904 fiterit
1313 820 1514 910 rhetorica
1548 885 1564 930 ‚

492 965 581 1049 ipse
619 963 792 1052 quoque
827 933 1145 1050 subsequantur.
1175 933 1230 1018 At
1265 954 1328 1018 est
1358 936 1562 1024 rhetorica

492 1049 536 1132 in
569 1049 744 1162 propriis
773 1047 992 1160 speciebus
1036 1049 1230 1162 integra:
1263 1077 1406 1132 omnes
1434 1051 1560 1164 igitur

492 1162 718 1250 rhetoricae
740 1180 876 1274 partes
895 1159 1062 1244 inerunt
1082 1161 1306 1244 rhetoricae
1329 1163 1558 1274 speciebus.

493 1273 700 1382 Quocirca
726 1275 852 1357 etiam
884 1273 945 1356 his
972 1273 1163 1360 civilibus
1190 1274 1365 1387 negotiis
1388 1298 1559 1362 tractan-

493 1387 558 1473 dis
587 1385 929 1488 adhibebuntur,
958 1417 1065 1504 quae
1094 1419 1118 1470 a
1148 1417 1197 1470 su
1227 1383 1394 1474 radictis
1426 1390 1560 1474 rheto-

491 1503 599 1584 ricae
624 1532 642 1584 s
675 1498 842 1583 eciebus
872 1498 1161 1583 informantur.
1192 1417 1334 1614 licque
1364 1501 1490 1616 igitur
1511 1505 1558 1588 iu

492 1532 676 1696 iudiciaii
708 1613 874 1726 negotio
902 1635 944 1695 et
976 1614 1019 1694 in
1052 1612 1326 1696 deliberativo
1350 1635 1393 1698 et
1417 1615 1459 1696 in
1488 1615 1558 1700 de-

491 1727 764 1812 monstrativo
787 1783 801 1828 ‚
831 1726 1015 1808 inventio
1040 1784 1053 1828 ‚
1073 1723 1291 1840 dispositio
1311 1783 1325 1830 ,
1346 1725 1559 1834 elocutio,

491 1841 717 1941 memoria,
749 1840 1143 1956 pronuntiatioque,
1177 1840 1439 1926 conveniunt.

546 1957 575 2039 6
603 1951 815 2060 Quoniam
850 1981 949 2037 vero
986 1953 1121 2036 omnis
1156 1948 1241 2036 sere
1266 1950 1449 2040 'incultas
1485 1956 1559 2037 in-

489 2086 721 2152 strumento
753 2065 887 2149 utitur
909 2063 962 2148 ad
983 2062 1223 2148 iaciendum
1245 2063 1363 2182 quod
1392 2087 1557 2178 potest,

489 2181 578 2274 erit
593 2179 730 2296 igitur,
754 2177 914 2294 aliquid
949 2179 1304 2262 instrumentum.
1330 2177 1421 2262 Hoc
1456 2211 1558 2266 vero

489 2314 552 2378 est
581 2295 743 2394 oratio,
773 2294 1061 2408 quaepartim
1084 2290 1260 2374 incivili
1289 2321 1435 2408 genere
1465 2325 1554 2378 ver·

488 2425 645 2509 satur,
677 2406 827 2518 partim
857 2405 1042 2487 minime.
1060 2404 1126 2486 De
1159 2434 1206 2486 ea
1236 2427 1379 2492 autem
1406 2408 1554 2496 oratio-

488 2549 540 2604 ne
574 2518 821 2635 loquimur,
845 2548 953 2631 quae
974 2517 1102 2600 habet
1131 2513 1314 2634 aliquam
1351 2521 1556 2636 quaestio-

487 2661 617 2733 nem,
648 2630 715 2716 vel
740 2659 848 2743 quae
876 2627 929 2712 ad
961 2625 1089 2714 finem
1122 2629 1400 2741 expediendae
1433 2663 1557 2750 quae·

487 2746 632 2828 stionis
668 2741 1020 2826 accommodatur.
1042 2742 1108 2827 Ea
1136 2771 1234 2856 ergo
1264 2745 1425 2848 oratio,
1447 2775 1555 2862 quae

486 2857 530 2938 in
567 2855 679 2940 civili
714 2885 862 2970 genere
899 2878 1084 2940 versatur
1119 2915 1131 2949 ‚
1170 2858 1367 2942 continue
1412 2857 1555 2942 decur-

486 2971 570 3054 rit:
593 2999 640 3052 ea
674 3001 783 3086 quae
810 2999 895 3054 non
925 2993 987 3055 est
1016 2973 1060 3051 in
1083 2968 1278 3054 civilibus
1308 2973 1464 3066 causis,
1495 2973 1555 3056 in·

486 3085 762 3200 terrogatione
796 3105 838 3168 et
868 3083 1133 3196 responsione
1167 3080 1424 3195 explicatur.
1471 3086 1555 3172 Sed

486 3199 632 3310 prior,
663 3196 891 3298 rhetorica3
913 3193 1093 3280 secunda
1118 3253 1131 3289 ,
1161 3195 1376 3280 dialectica
1398 3227 1555 3281 nuncu·

486 3331 640 3426 patur:
675 3341 781 3426 quae
809 3310 887 3393 hoc
917 3311 1130 3444 superiore
1161 3309 1335 3408 differt,
1367 3311 1553 3420 primum

486 3423 602 3556 quod
621 3421 692 3506 illa
710 3424 851 3510 civiles
866 3420 1060 3512 ὑποθισιις
1079 3421 1206 3525 ‚haec
1228 3423 1243 3534 (
1253 3419 1290 3537 ι)
1312 3419 1428 3522 &irie
1447 3452 1554 3510 con-

484 3534 673 3622 siderat:
704 3536 856 3620 dehinc
883 3536 999 3653 quod
1022 3536 1094 3620 illa
1123 3537 1319 3620 continua
1341 3537 1552 3641 oratione,

483 3649 584 3734 haec
607 3647 669 3766 (2)
687 3650 877 3734 intercisa
898 3651 1134 3764 peragitur:
1151 3674 1192 3734 et
1215 3647 1331 3765 quod
1352 3649 1554 3734 rhetorica

483 3765 614 3847 oratio
629 3763 754 3846 habet
769 3784 938 3877 propter
955 3761 1235 3848 adversarium
1250 3759 1432 3848 iudicem
1444 3821 1457 3856 ‚
1469 3763 1555 3850 dia·

558 4059 1047 4134 mmm.mmm
