3630 5334
1201 639 1267 729 327

189 849 197 864 „
262 795 655 886 Antoninum
672 796 943 889 snvnrum
962 797 1205 894 nonnuli
1223 800 1286 922 (1)

637 989 652 1047 1
675 991 703 1050 N
726 991 751 1050 C
772 990 787 1048 Ι
809 991 832 1050 P
853 991 872 1049 l·
892 994 918 1051 Τ

349 1077 352 1084 ’
444 1119 685 1198 noconuu
711 1119 1107 1202 uunroruoonuu

519 1293 1028 1356 nlsrtrtcnto·

254 1655 261 1664 .
302 1607 317 1661 1
354 1475 570 1664 Persona
598 1603 660 1666 est
684 1606 793 1710 quae
816 1577 860 1659 in
878 1573 1084 1660 indicium
1104 1595 1277 1662 vocatur
1299 1619 1312 1684 ;

240 1692 480 1808 negotium,
496 1688 656 1779 factum
667 1691 882 1776 dictumve
900 1719 1127 1802 personae,
1140 1711 1315 1804 propter

242 1803 357 1924 quod
382 1803 424 1885 in
461 1803 667 1890 iudicium
710 1825 882 1890 vocatur
909 1833 1084 1916 persona
1118 1824 1201 1888 :et
1231 1835 1314 1892 ne-

266 1919 403 2002 otium
434 1948 650 2034 suggerere
690 1937 934 2032 argumenta
968 1945 1053 1999 non
1088 1941 1312 2029 possunt;

239 1949 294 2118 {e
325 2031 426 2143 ipsis
457 2032 570 2115 enim
602 2032 794 2148 quaestio
835 2053 911 2116 est.
947 2029 1129 2114 Faciunt
1167 2051 1311 2116 antem

239 2141 368 2230 fidem
395 2147 562 2260 negotio
594 2177 641 2230 ea
669 2165 901 2261 quaesunt
935 2141 1123 2256 personis
1149 2171 1197 2226 ac
1229 2175 1313 2232 ne-

242 2259 363 2375 gotiis
395 2256 607 2343 attributa·
637 2257 816 2342 Persona
848 2286 1022 2374 quoque
1050 2253 1150 2339 sacis
1176 2287 1315 2374 nego-

245 2375 302 2458 tio
330 2366 495 2470 fidem3
522 2371 700 2458 sednon
720 2372 765 2456 in
795 2400 847 2455 eo
876 2367 995 2504 quod
1020 2398 1196 2483 persona
1219 2392 1313 2478 est,

242 2483 315 2572 sed
346 2485 389 2568 in
420 2515 471 2568 eo
505 2485 622 2601 quod
651 2517 701 2572 ex
721 2483 932 2570 auribnus
962 2511 1162 2597 personae
1184 2516 1316 2602 quan·

241 2600 338 2685 dam
353 2597 525 2712 suscipit
543 2599 806 2718 qualitatem.
823 2595 1170 2683 Circumstantiae
1189 2621 1314 2702 sunt,
1345 2647 1347 2652 ,

272 2743 347 2796 uae
366 2735 659 2798 convementes
681 2711 959 2798 substantiam
981 2712 1235 2825 quaestionis
1257 2713 1315 2798 es·

241 2745 402 2912 bciunt·
435 2825 528 2910 Nisi
558 2828 670 2912 enim
701 2825 758 2910 sit
788 2825 867 2942 qui
900 2822 1046 2908 fecerit
1077 2881 1091 2919 ,
1119 2846 1164 2910 et
1194 2826 1316 2942 quod

241 2939 413 3034 fecerit,
440 2967 646 3059 causaque
679 2965 756 3022 cur
778 2935 960 3041 fecerit,
987 2935 1054 3020 vel
1070 2937 1188 3026 locus
1207 2960 1314 3026 tem·

241 3083 404 3185 pusque
428 3083 520 3254 quo
552 3051 733 3154 fecerit,
763 3049 916 3136 modus
947 3051 1072 3136 etiam
1108 3049 1313 3140 facultas-

242 3197 324 3283 que
360 3197 395 3250 s1
460 3167 604 3270 esint,
636 3194 758 3250 causa
792 3165 1091 3280 negotiumque
1123 3196 1209 3249 non
1232 3185 1314 3251 sta·

241 3279 320 3364 bit·
338 3277 422 3366 Has
455 3280 786 3364 circumstantias
828 3276 872 3362 in
894 3277 1059 3393 gemina
1077 3276 1224 3363 Cicero
1247 3277 1312 3398 (2)

240 3394 445 3504 partitur,
469 3414 518 3480 ut
543 3423 637 3478 eam
651 3450 666 3495 ,
682 3422 789 3510 quae
807 3411 872 3476 est
893 3391 1021 3506 quis,
1045 3389 1312 3478 circumstan-

240 3507 342 3590 tiam
380 3507 423 3591 in
462 3505 672 3590 attributis
706 3535 904 3619 personae
931 3523 1083 3617 ponat;
1111 3535 1183 3590 sex
1212 3534 1311 3592 vero

239 3649 347 3736 quae
370 3619 555 3733 reliquae
580 3643 706 3722 sunt,
735 3650 778 3702 m
793 3618 1002 3702 attributis
1026 3618 1195 3732 negotio
1215 3646 1315 3708 oon·

309 3833 350 3908 (ι)
370 3837 602 3891 tumultantes
610 3855 669 3890 mox
677 3833 832 3890 soccitsed
841 3835 1296 3894 rectiorenborumnominnmseri·

255 3939 361 3998 pturam
370 3948 440 4001 pono
449 3947 482 3982 ex
496 3927 684 4000 antiquissimo
698 3926 845 3981 noeuride
854 3927 1036 3982 consolatione
1045 3928 1138 3984 codiee
1147 3925 1293 3987 vrum

308 4015 349 4090 (a)
370 4016 466 4071 Confer
482 4015 772 4088 Cic-rhet.11.9·sqq.
