3638 5332
558 619 633 712 42⁰
872 639 1018 690 canorus
1037 639 1203 690 murum

529 805 643 883 faciat.
664 805 799 882 Tamen
818 825 895 907 post
915 806 1035 880 cibum
1054 803 1186 880 utiliter
1204 803 1333 878 dantur
1354 834 1363 882 ε
1382 833 1449 880 uec
1469 833 1543 882 uon

527 945 564 1001 et
583 928 674 1002 cocti
694 929 732 1002 in
752 928 827 1002 iure
848 953 931 1000 cum
949 925 1045 1026 pullo
1065 925 1254 1024 gallinaceo
1276 952 1471 1014 ,nausmm
1488 955 1541 1001 rc·

527 1049 712 1146 stringunt.
732 1047 832 1122 Folia
856 1071 978 1120 eorum
997 1046 1078 1119 trita
1098 1072 1181 1120 cum
1203 1044 1301 1118 calda
1320 1063 1441 1120 contra
1453 1046 1542 1120 lum·

525 1167 640 1242 hricos
655 1167 814 1240 similiter
828 1183 863 1239 et
875 1163 1044 1238 umbilico
1059 1164 1281 1262 inponantur.
1297 1161 1451 1238 Nucleos
1465 1191 1540 1264 pcr-

523 1285 678 1360 sicorum
697 1299 780 1358 cum
798 1300 895 1360 aceto
916 1299 951 1356 et
964 1282 1039 1356 oleo
1060 1281 1182 1383 capitis
1196 1281 1344 1356 dolentis
1358 1281 1468 1354 fronti
1487 1282 1538 1354 in-

524 1403 637 1478 linito.
653 1403 798 1478 Gummi
814 1405 859 1504 (a)
880 1429 1002 1476 corum
1016 1403 1054 1474 in
1068 1429 1174 1500 pusca
1190 1401 1238 1502 (b)
1253 1401 1460 1499 sauguinem
1473 1401 1538 1474 rsi-

526 1523 699 1597 cientibus
718 1522 816 1620 potui
835 1521 914 1595 dato
932 1523 990 1620 (c).
1005 1519 1121 1595 Sucus
1141 1521 1305 1596 soliorum
1324 1520 1399 1594 eius
1417 1520 1537 1595 vulne-

526 1669 563 1714 ra
588 1641 728 1714 aurium
752 1667 884 1713 vermes
904 1639 1109 1712 habentium
1128 1656 1235 1714 curat.

577 1758 601 1834 6
630 1759 841 1834 Armeniaca
861 1759 972 1832 calida
991 1774 1026 1832 et
1045 1759 1218 1859 styptica,
1244 1759 1420 1832 stomacho
1439 1758 1535 1831 valde

524 1877 665 1951 utiliora
686 1877 724 1950 in
745 1877 824 1951 cibo
844 1893 990 1976 sumpta.
1294 1899 1296 1904 ·

583 2025 603 2099 7
636 1995 840 2097 Cytriorum
857 2023 930 2070 uon
950 2024 1021 2082 una
1041 1996 1232 2096 cademque
1250 1997 1360 2068 virtus
1375 1995 1412 2068 in
1425 1995 1536 2068 omni·

521 2117 588 2190 hus
607 2117 778 2217 partibus:
791 2133 908 2190 cortex
924 2116 972 2216 (d)
987 2115 1255 2190 thermanticus:
1273 2142 1352 2188 caro
1371 2115 1447 2188 alha
1466 2143 1536 2188 me-

520 2236 582 2309 dit
607 2252 794 2335 temperata
819 2235 1011 2308 acrimonia
1038 2263 1121 2310 cum
1147 2235 1278 2308 semine
1309 2291 1319 2324 ‚
1352 2235 1496 2334 styptica
1523 2265 1534 2310 a

520 2373 638 2431 cortex
662 2357 859 2436 austerioris
885 2372 1061 2445 naturae,
1089 2355 1225 2428 modice
1251 2371 1408 2454 sumptus
1436 2411 1447 2443 ‚
1472 2373 1533 2429 aut

520 2477 558 2548 in
579 2477 719 2575 potione
740 2474 851 2548 calida
870 2475 1004 2550 diutius
1020 2476 1201 2548 immersus
1214 2475 1442 2572 digestionem
1456 2503 1534 2576 ope·

518 2611 623 2670 ratur.
647 2593 738 2668 Caro
758 2595 833 2667 eius
853 2593 928 2668 alba
949 2595 1074 2693 flegma
1092 2595 1205 2667 nutrit
1228 2651 1238 2682 ,
1258 2594 1427 2666 foramina
1447 2594 1532 2668 inte-

516 2714 608 2784 riora
627 2712 738 2785 cludit
761 2769 769 2801 ‚
791 2729 826 2785 et
845 2713 1062 2786 stomachum
1080 2713 1244 2811 opprimit
1267 2770 1276 2802 ‚
1296 2712 1392 2786 tarde
1413 2715 1530 2814 coqui-

516 2847 607 2920 tur,
636 2829 883 2928 indigestiones
911 2832 1017 2904 lacit.
1038 2829 1243 2906 Acrimonia
1271 2831 1346 2904 cius
1373 2859 1456 2906 cum
1481 2861 1531 2906 sc-

517 2951 611 3024 miuc
632 2952 712 3024 trita
733 2951 865 3024 morsui
884 2952 1011 3025 canino
1031 2952 1214 3025 succurrit.
1234 2949 1393 3025 lucisum
1415 3008 1425 3042 ,
1446 2979 1529 3026 cum

457 3055 459 3062 ¹
516 3071 678 3144 omnibus
702 3073 746 3172 (e)
776 3072 813 3143 in
840 3099 874 3144 se
896 3089 1069 3162 coctum,
1097 3071 1311 3172 serpentium
1337 3099 1470 3148 morsus
1495 3089 1529 3145 ct

477 3211 480 3218 ·
514 3191 705 3288 fungorum
723 3218 857 3264 venena
878 3207 987 3265 curat.

570 3312 592 3386 8
620 3309 735 3383 Pruni
754 3337 899 3410 pomum
924 3337 1045 3383 recens
1071 3327 1227 3384 ventrem
1253 3309 1380 3397 solvit,
1409 3327 1530 3383 stoma-

516 3431 582 3503 cho
603 3430 819 3504 contrarium
838 3445 888 3501 est
911 3459 920 3504 :
946 3429 1081 3502 siccum
1100 3456 1172 3500 non
1192 3445 1262 3502 tam
1285 3429 1323 3529 (s)
1347 3427 1530 3500 molestum

413 3557 417 3566 ’
513 3566 594 3626 est:
621 3551 659 3622 in
679 3549 790 3623 mulso
812 3566 952 3622 coctum
975 3607 985 3638 ,
1005 3548 1121 3622 alvum
1140 3563 1342 3622 commovet.

568 3697 591 3770 9
618 3669 771 3767 Mespila
804 3669 968 3740 hiemalia
1003 3668 1132 3741 maiora
1164 3683 1321 3740 ventrem
1346 3684 1524 3766 purgant.

511 3787 732 3888 Asperrirnus
754 3787 791 3858 in
809 3786 960 3886 mespilis
981 3789 1114 3859 fructus
1136 3786 1271 3860 fluxum
1286 3786 1414 3858 ventris
1431 3787 1526 3859 sorti·
1598 3829 1605 3866 φ

557 3932 593 3992 (a)
610 3932 665 3976 eost.
678 3939 803 3987 ugernum«-
836 3933 876 3994 (h)
894 3933 975 3976 I'nsca
996 3947 1036 3990 pro
1049 3947 1120 3990 porco
1137 3930 1225 3991 legitur
1243 3933 1313 3974 ctiam
1331 3928 1393 3988 apud
1412 3928 1516 3974 cutim

509 4010 666 4058 Aurelianum.
700 4005 737 4071 (c)
755 4011 955 4068 co‹l·.l.rt·tt.p.·otu.
988 4003 1028 4070 (d)
1046 4013 1129 4054 Cortex
1148 4009 1213 4052 modo
1230 4005 1355 4052 masculino
1368 4005 1434 4050 morlo
1449 4007 1518 4052 soni-

503 4103 544 4132 nco
561 4103 642 4148 gauere
660 4089 752 4146 punitur
769 4089 791 4130 iu
804 4089 843 4154 'his
861 4087 925 4130 cott·
959 4081 994 4145 (o)
1012 4084 1082 4136 codd.
1094 4090 1146 4134 Δ.Β·
1157 4099 1211 4129 cum
1227 4089 1313 4131 smnio.
1345 4077 1382 4148 (s)
1399 4083 1472 4131 csta.
1489 4088 1515 4128 A·

508 4169 640 4211 humum.
1105 4172 1108 4182 ·
