3646 5342
725 662 852 732 Lrner
873 665 898 731 r.
1263 701 1294 742 ,,
1355 639 1365 650 ”

318 848 343 890 ct
358 834 501 904 Orithyiae
521 831 603 886 alatos
627 833 734 885 iuvenes
750 831 784 884 ad

317 927 452 1000 pellendas
482 923 608 995 harpyias
629 922 783 975 miserunt:

319 1035 386 1088 quas
403 1033 463 1068 cunr
482 1015 584 1068 strictis
604 1011 699 1080 gladiis
722 1029 784 1083 pcr-

319 1114 491 1176 sequerentur
503 1101 594 1174 pulsas
608 1100 641 1152 de
651 1097 783 1155 Arcadia,

317 1199 492 1262 pervenerunt
524 1187 558 1240 ad
585 1187 683 1240 insulas
712 1202 782 1255 quac

317 1277 518 1350 appellabantur
537 1274 635 1329 Plotae·
659 1273 694 1325 Et
720 1287 781 1323 cum

318 1367 430 1420 ulterius
440 1365 537 1419 vellent
550 1362 671 1418 tendere.
691 1357 725 1412 ab
737 1359 784 1412 lri·

316 1455 350 1507 ale
371 1453 466 1508 moniti
485 1463 515 1506 ut
537 1451 723 1504 desirterenta
742 1450 782 1502 lo-

318 1543 359 1597 ris
380 1541 505 1599 canibus,
523 1558 584 1594 suos
598 1549 785 1593 converterunt

317 1633 436 1685 volatus:
456 1649 567 1703 quorum
581 1629 733 1685 conversio,
754 1627 782 1678 irl

316 1731 356 1774 est
376 1721 501 1792 strophe.
519 1737 614 1774 nomen
631 1717 724 1770 insulis
739 1717 783 1768 de-

316 1809 367 1862 dit.
388 1809 531 1862 litantem
553 1823 630 1860 canes
649 1805 720 1860 loris
742 1803 783 1856 ‹li-

316 1907 452 1953 cerentur.
470 1896 536 1948 haec
553 1895 623 1947 ratio
643 1903 699 1950 est,
717 1891 782 1962 quia

315 1985 388 2056 ipsae
418 1982 503 2036 iuriae
536 1981 672 2035 dicuntur.
706 1979 783 2032 Unde

318 2081 346 2124 et
365 2071 439 2125 avari
461 2071 596 2138 linguntur
615 2066 698 2120 lurias
723 2065 781 2138 pati

318 2161 383 2230 quia
414 2159 551 2213 abstinent
588 2158 684 2228 partis.
701 2155 783 2226 ¹Sane

316 2249 387 2320 apud
419 2247 514 2300 inleros
542 2243 627 2298 iuriae
657 2241 782 2296 dicuntur

317 2348 344 2391 ct
364 2352 458 2394 canes,
487 2333 559 2406 apnrl
578 2349 686 2404 superos
708 2331 783 2384 dirae

319 2442 393 2479 ares:
424 2423 452 2476 in
470 2422 557 2477 taedio
575 2438 639 2474 aero
655 2419 783 2490 harpyiae

317 2513 460 2576 dieunrnrr
478 2509 550 2564 unde
570 2509 667 2581 duplex
689 2507 718 2560 in
739 2507 782 2559 his

319 2599 454 2656 invenitur
474 2599 585 2668 effigies.

370 2773 416 2833 28.
434 2774 549 2831 &andri
566 2785 594 2829 et
613 2773 708 2864 llerrrs.

354 2895 465 3011 Sestos
482 2961 510 3005 ct
528 2947 640 3020 Abydus
655 2948 731 3002 nrbes
743 2949 784 3005 vi·

319 3038 395 3091 cinae
421 3047 522 3095 erant.
550 3047 579 3090 et
607 3037 783 3092 interfluentis

317 3127 399 3180 maris
418 3137 475 3179 arto
491 3125 603 3182 divisae·
622 3128 680 3179 Una
694 3143 783 3180 earurn

319 3215 427 3270 celebris
444 3215 540 3268 extitit
561 3233 607 3286 per
634 3217 782 3270 leandrum

317 3303 522 3378 pulcherrimum
544 3304 681 3369 iuvenem
702 3306 783 3358 altera

319 3412 365 3464 per
385 3393 474 3446 Heron
494 3391 697 3463 pulcherrimam
724 3411 785 3445 rnn-

317 3481 431 3534 lierenr:
463 3477 562 3551 quibus
602 3479 783 3538 absentibus.

319 3587 389 3624 amor
410 3568 471 3623 imis
491 3569 624 3623 concaluit
644 3568 784 3624 arentibus.

320 3658 426 3712 Iuvenis
444 3667 533 3712 autern
553 3657 695 3729 impatiens
718 3657 785 3726 ignis

317 3745 388 3798 omni
402 3745 480 3800 rnodo
502 3743 647 3816 quaerebat
664 3743 784 3798 obtinen-

318 3831 368 3884 dae
385 3831 497 3899 virginis
514 3832 626 3903 copiam·
647 3831 697 3885 Sed
710 3832 784 3888 nulla

320 3917 355 3970 ad
373 3918 460 3977 lleram
473 3931 542 3974 terra
562 3921 637 3974 adita
656 3921 780 3981 invento,

318 4005 398 4058 sirnul
419 4005 504 4062 calore
522 4019 549 4064 ct
568 4008 679 4062 andacia
696 4009 786 4081 impul-

843 849 888 886 sus
907 851 934 887 se
954 848 1035 906 ponto
1066 839 1192 894 tradidit:
1219 839 1310 909 sii-qne

842 924 960 977 natando
979 926 1095 992 singulas
1117 941 1206 983 noctes
1233 930 1309 999 puel-

841 1011 893 1065 lam
912 1013 999 1071 adiit.
1026 1013 1115 1070 oblato
1141 1035 1172 1069 ex
1200 1018 1309 1072 adverso

842 1101 923 1154 turris
943 1101 1042 1156 lumine
1056 1141 1063 1161 ‚
1078 1103 1179 1176 puellae
1199 1106 1308 1164 studio.

840 1207 894 1259 quo
922 1202 1078 1246 nocturnum
1111 1195 1161 1246 iter
1191 1195 1224 1246 arl
1252 1213 1310 1248 eam

841 1275 952 1346 dirigere
979 1291 1075 1350 posset·
1104 1281 1223 1350 Quadam
1249 1297 1310 1335 vero

837 1379 915 1421 noctc
933 1385 993 1421 cum
1017 1369 1105 1423 acrius
1126 1369 1205 1424 solito
1226 1369 1308 1423 inmi-

838 1470 904 1506 nens
922 1465 1017 1508 ventus
1037 1455 1148 1509 laculata
1169 1457 1309 1524 extingue·

839 1551 898 1599 ret,
923 1542 1035 1595 errando
1065 1556 1092 1598 et
1125 1543 1223 1596 inscius
1255 1561 1309 1616 quo

838 1645 943 1681 cursura
957 1642 1073 1689 teneret,
1087 1632 1174 1685 nando
1194 1631 1309 1686 interiit·

839 1720 921 1774 Cuius
942 1737 1035 1792 corpus
1056 1722 1119 1774 durn
1139 1721 1243 1794 postero
1265 1721 1310 1774 die

839 1807 954 1860 eiectum
966 1808 1083 1862 t'ralltore
1096 1809 1221 1862 fluctibus
1241 1807 1311 1862 Hero

836 1895 963 1954 vidisset.
983 1897 1072 1951 dolore·
1096 1897 1225 1951 instincta
1249 1897 1307 1951 cal·

837 1985 908 2039 nrine
920 1985 1025 2040 cecidit.
1045 1987 1088 2039 Sic
1104 2003 1163 2038 cunr
1185 2003 1238 2055 quo
1255 2001 1307 2038 sor·

838 2073 889 2128 tita
909 2073 961 2127 luit
978 2085 1079 2147 partera
1097 2073 1247 2127 mundanae
1266 2091 1309 2125 vo·

837 2163 969 2236 luptatis,
996 2179 1055 2216 curn
1086 2179 1120 2217 eo
1143 2173 1172 2216 et
1197 2159 1311 2232 pertulit

838 2251 962 2306 damnum
976 2251 1127 2308 mortiferae
1145 2248 1308 2305 acerbitatis.

905 2443 948 2498 ²9·
968 2425 1074 2483 Cleobis
1092 2440 1121 2485 et
1137 2427 1254 2485 Bitonis.

875 2543 971 2660 Cum
988 2617 1044 2657 mos
1056 2613 1124 2658 esset
1139 2601 1256 2671 argivam
1269 2618 1310 2655 sa·

839 2692 970 2746 cerdotem
990 2692 1090 2746 iunctis
1109 2691 1197 2747 bubus
1218 2693 1256 2748 ire
1275 2693 1309 2745 ad

839 2779 935 2850 templa
964 2777 1091 2837 lunonis,
1119 2789 1147 2833 ct
1172 2777 1311 2850 sollempni

840 2867 884 2921 dic
894 2885 946 2922 noa
957 2867 1139 2922 invenirentur
1146 2865 1236 2934 bores3
1256 2883 1309 2939 pce

840 2954 945 3009 tilentia
957 2955 1027 3008 eninr
1044 2971 1114 3024 qnae
1126 2971 1173 3027 per
1192 2953 1311 3026 Atticam
1412 3015 1418 3026 Κ

840 3039 999 3098 transierat,
1025 3041 1161 3094 universas
1183 3056 1308 3093 consura-

840 3137 926 3198 pserat
935 3147 944 3191 3
958 3127 1012 3181 duo
1022 3127 1166 3180 sacerdotis
1176 3125 1224 3178 filii
1237 3125 1310 3179 Cleo·

839 3215 922 3271 biset
941 3217 1002 3271 Bito
1020 3227 1129 3270 matrem
1148 3215 1309 3275 ‚aulicamtes

840 3307 966 3373 ingmarl
991 3306 1087 3378 templa
1105 3305 1213 3358 (luxere.
1240 3304 1310 3358 Tum

839 3395 906 3447 lnno
919 3391 1032 3464 probans
1046 3409 1136 3447 eorum
1154 3390 1309 3459 religionem

840 3480 941 3535 obtulit
969 3480 1049 3534 nratri
1073 3491 1105 3534 ut
1131 3478 1205 3551 quod
1230 3478 1309 3534 vellet

840 3580 958 3642 posceret
975 3568 1046 3624 filiis·
1066 3568 1115 3620 llla
1133 3567 1179 3640 pia
1197 3583 1306 3640 respon·

840 3659 913 3713 sione
932 3657 988 3717 sit,
1007 3667 1038 3711 rat
1057 3657 1130 3729 quod
1152 3655 1231 3712 sciret
1259 3656 1309 3708 dea

842 3743 909 3798 utile
926 3743 1095 3802 mortalibus.
1115 3744 1174 3816 ipsa
1192 3752 1310 3815 praesta·

842 3844 891 3888 ret·
912 3831 1002 3888 Altero
1023 3830 1115 3901 itaque
1132 3831 1177 3884 dia
1190 3829 1309 3884 sacerdo·

842 3922 877 3976 tis
901 3919 1006 3974 iuvenes
1025 3917 1122 3988 reperti
1148 3927 1211 3972 sunt
1236 3933 1307 3970 oror-

840 4007 892 4062 tul.
911 4009 950 4062 Ea
970 4023 1022 4074 quo
1038 4003 1177 4077 probatum
1192 4013 1248 4061 est.
1266 3998 1308 4057 tti-
