3646 5342
1234 721 1269 768 l!

285 867 524 944 brevissimum
550 849 725 968 specimer
754 894 839 943 curn
868 866 1048 943 Frontone
1073 869 1179 948 edidi.
1206 869 1301 947 Sane

286 989 348 1062 bas
372 987 498 1087 glossas
521 987 653 1064 eruditi
680 989 840 1064 homines
865 989 903 1062 in
929 1017 1008 1066 niso.
1035 989 1122 1064 olirn
1139 989 1304 1066 viderunt

286 1123 390 1208 atqm
407 1105 616 1196 laudarunt,
632 1105 743 1182 veluti
768 1105 866 1184 Frid.
893 1105 1095 1206 'l'iliobroga
1118 1109 1227 1208 praef.
1258 1109 1302 1182 ad

288 1225 464 1318 Statium,
497 1243 534 1300 et
566 1223 731 1301 barthius
754 1226 830 1304 adv.
859 1227 921 1301 lib.
946 1225 1071 1303 xxll.
1098 1227 1304 1325 2231sido-

286 1373 347 1420 rus
364 1361 484 1420 autem
510 1344 555 1418 de
581 1343 658 1422 diff.
682 1345 818 1420 verbor.
841 1347 876 1448 S
905 1371 967 1449 99.
989 1345 1163 1447 pleniores
1186 1345 1303 1422 adbuc

287 1463 447 1538 babuisse
473 1459 621 1537 videtin.

337 1581 401 1660 IV.
438 1581 594 1682 Reginae
620 1600 777 1659 retostus
804 1583 951 1660 codex
938 1611 977 1658 ιιι
995 1585 1111 1661 fabula
1134 1583 1299 1660 CXLVI.
1338 1593 1484 1698 ¹5¹⁶wrfl·

287 1702 431 1788 mnu'lns
469 1720 577 1795 erat,
616 1701 753 1778 duobus
791 1703 922 1778 amissis
960 1703 1060 1779 loliis
1095 1703 1274 1778 lterum
1263 1730 1301 1777 m
1327 1713 1388 1761 tite·
1365 1653 1485 1760 up:

288 1821 404 1896 sibula
445 1817 543 1896 CIC.
572 1821 699 1895 lacuna
724 1836 820 1912 erat,
847 1849 954 1923 quam
982 1823 1201 1896 amanuensis
1218 1823 1303 1923 pris·

288 1969 351 2016 cns
389 1969 463 2016 non
501 1941 778 2018 animadvertit:
816 1942 946 2015 etenim
983 1941 1023 2014 in
1062 1942 1191 2017 codicis
1231 1969 1302 2016 me·

288 2061 344 2134 dia
371 2061 496 2161 pagina
526 2085 585 2162 70.
615 2075 694 2160 post
721 2060 826 2133 verba
851 2059 1001 2134 Troiam
1028 2085 1082 2134 ex
1109 2065 1301 2163 improviso

290 2184 403 2271 venit,
429 2179 553 2254 eodem
570 2206 672 2252 versu
691 2178 915 2280 consequitur
932 2205 986 2252 ex
1012 2177 1172 2256 Vulcani
1194 2205 1304 2252 monn

278 2299 497 2402 firbrieata,
521 2324 610 2399 quae
642 2313 726 2370 mut
749 2297 853 2370 rerba
880 2296 1015 2372 [abulae
1043 2293 1155 2372 CCV.
1180 2294 1303 2398 ltaque

289 2447 405 2520 neque
433 2418 566 2492 fabulas
590 2416 747 2519 quinque
771 2417 1003 2517 interceptas,
1028 2442 1143 2516 neque
1168 2432 1305 2490 sentcn-

289 2539 356 2612 tiae
375 2540 510 2613 histum
529 2537 687 2611 librarios
705 2537 821 2612 sensit
846 2535 914 2611 Me
933 2563 1014 2608 vem
1033 2536 1096 2610 etsi
1115 2552 1239 2610 neutra
1257 2535 1304 2610 la·

292 2685 384 2731 cuna
408 2656 533 2747 latuit,
558 2685 636 2757 spes
654 2673 771 2730 umen
791 2653 952 2756 explendi
970 2653 1196 2746 destituebat,
1221 2655 1304 2755 quin

292 2775 429 2875 plenior
459 2773 569 2850 codex
599 2801 673 2848 non
702 2772 914 2874 suppetebat
945 2770 1038 2846 Ecce
1065 2789 1183 2848 autem
1209 2771 1305 2873 lapso

293 2911 370 2995 post
388 2895 676 2996 mythogrephum
694 2895 899 2994 impressum
916 2921 1009 2967 anno
1037 2893 1191 2992 (tamdiu
1210 2893 1305 2966 enim

292 3015 371 3092 libri
408 3016 596 3090 editionem
630 3013 780 3114 distuli)
817 3013 904 3088 dum
940 3011 1107 3114 quosdam
1137 3031 1305 3088 monaste-

292 3139 424 3212 riorum
450 3136 684 3212 extinctorum
707 3133 845 3208 codices
868 3135 906 3208 in
926 3133 1079 3207 vaticana
1098 3133 1304 3208 bibliotheca

294 3277 389 3334 extra
412 3257 570 3332 ordinem
595 3255 779 3330 collocatos
802 3256 891 3329 sorte
918 3254 1149 3354 inspicerem,
1175 3255 1306 3329 chartu-

292 3407 376 3454 ceus
398 3405 471 3452 sese
497 3377 621 3451 obtulit
645 3375 783 3452 saeculo
808 3374 890 3450 XV.
915 3375 1062 3474 scriptus
1087 3375 1219 3466 codex,
1244 3377 1306 3478 qui

293 3499 385 3574 inter
411 3499 476 3572 alia
503 3497 694 3598 opuscula,
724 3497 919 3572 secondum
944 3523 1083 3597 quoque
1113 3498 1306 3599 mythogra·

294 3621 434 3718 pbtun,
459 3619 523 3692 etsi
549 3645 658 3719 aeque
688 3644 926 3720 anonymum,
953 3617 1174 3694 continebat:
1198 3645 1304 3718 quern

296 3766 360 3836 ego
379 3739 493 3814 stetim
511 3765 594 3814 cum
614 3737 768 3838 Reginae
794 3755 927 3812 vetusto
956 3735 1075 3812 codice
1100 3754 1240 3812 etcum
1267 3738 1306 3811 li-

297 3861 360 3934 bro
392 3885 471 3934 meo
503 3877 757 3960 comparatum,
791 3885 964 3961 nusquam
988 3860 1140 3958 comperi
1168 3858 1307 3932 dimide·

297 4009 352 4056 re:
377 3981 540 4082 quodque
565 3981 672 4080 pluris
691 3983 851 4072 interest,
878 3981 974 4056 omni
996 3981 1080 4056 hinc
1103 3980 1307 4056 lacunamm

299 4099 518 4174 incommodo
538 4101 690 4202 expediri
704 4101 897 4178 editionem
907 4126 1128 4202 meampossc
1148 4099 1309 4196 cognovi.
