3638 5332
495 661 560 752 370
833 679 1087 734 astunensem
1107 683 1146 730 11.

465 825 551 883 lilium
572 825 599 880 ei
629 823 782 878 Palamedes
805 825 960 897 opposuit:
1018 825 1167 897 dam.ipse
1180 827 1280 898 reperit
1291 828 1397 884 litteras
1414 865 1422 888 ‚
1441 845 1512 900 quae

467 933 525 988 quo
544 915 705 971 risollliaes
722 917 878 986 (1)nratra
897 933 964 968 sue·
1019 915 1071 972 lors
1089 934 1128 970 res
1147 916 1184 971 sit
1203 917 1306 972 dubia:
1327 929 1434 974 tantum
1451 937 1510 974 oer-

465 1008 591 1082 pendite
609 1021 636 1060 et
660 1006 700 1060 od
715 1007 817 1060 beilum
839 1004 964 1061 ductus.
1021 1015 1077 1057 tum
1089 1017 1162 1080 estx
1178 1003 1275 1062 abhoc
1294 1025 1350 1063 esse
1369 1007 1509 1066 inventum

472 1095 574 1150 habuit
587 1098 692 1149 iustam
711 1111 824 1148 eausam
843 1092 963 1144 doloris·
1021 1109 1082 1146 euna
1101 1095 1276 1166 aspiratione.

468 1185 569 1236 Postea
597 1199 658 1236 eum
681 1183 797 1238 Ulixes,
816 1177 966 1232 frumenta·

472 1281 531 1326 tum
550 1269 647 1325 musas
661 1270 696 1324 ad
713 1269 875 1326 Thraciam.
896 1266 965 1322 nihil
1139 1263 1200 1323 156.
1212 1269 1252 1322 De
1268 1269 1393 1344 Nauplio.

472 1357 634 1412 adduxisset
648 1374 684 1416 ‚a
703 1355 843 1410 Palamede
863 1364 906 1408 est
921 1371 967 1408 re·

471 1447 608 1502 ilementer
623 1445 786 1518 increpatus.
797 1445 833 1498 Et
847 1459 908 1496 enm
926 1443 967 1497 di-

468 1545 565 1594 aeret,
585 1535 652 1588 adeo
666 1553 720 1588 non
747 1551 803 1588 esse
827 1533 970 1602 neglegen-
1021 1471 1067 1584 P
1069 1529 1288 1586 dmdisautem
1296 1535 1509 1609 paterNauplius

471 1623 539 1676 tiam
556 1641 632 1678 snam
655 1641 729 1680 ,nee
751 1623 838 1694 ipsum
853 1621 963 1691 quidem
1021 1616 1155 1688 amynoes
1175 1631 1203 1674 et
1217 1622 1338 1692 Neptuni
1357 1623 1445 1683 filius.
1464 1625 1512 1678 lilii

468 1709 492 1763 si
518 1722 638 1780 pergeret
663 1711 808 1780 quiequam
832 1709 962 1764 advehere
1021 1709 1510 1767 mortodolens.rovertentibusGrre

474 1815 551 1870 posse
563 1816 573 1860 3
592 1797 725 1870 proiectus
747 1799 899 1852 Palamedes
920 1801 964 1852 in·
1020 1797 1059 1850 eis
1080 1809 1139 1868 post
1161 1799 1274 1854 deletam
1304 1801 1413 1855 Troiam
1442 1813 1510 1856 tem-

476 1885 554 1940 linita
570 1884 702 1940 irnmenta
719 1885 838 1939 adrexit.
849 1885 910 1954 Qua
923 1883 964 1938 in·
1019 1895 1123 1954 pestate
1151 1885 1337 1961 laborantibus
1359 1925 1366 1946 ,
1394 1901 1512 1944 montem

471 1971 546 2030 vidia
563 1973 651 2026 auctis
679 1971 830 2026 inimicitiis
848 2007 856 2029 .
875 1973 964 2026 fictam
1020 1971 1187 2043 Caphereum
1214 1976 1358 2032 aseendit.
1385 1986 1413 2030 et
1440 1978 1510 2031 olata

474 2063 615 2136 epistolam
629 2063 729 2118 Priami
745 2063 853 2118 nomine
872 2063 964 2116 adPa·
1019 2058 1106 2114 iacula
1125 2063 1229 2131 signum
1251 2063 1329 2118 dedit
1346 2064 1428 2118 vieini
1450 2086 1513 2136 pnr-

470 2152 599 2206 lamedem
611 2152 712 2207 direxit
727 2169 792 2223 ‚per
803 2166 884 2222 quam
900 2167 963 2218 age-
1019 2161 1085 2204 tus:
1109 2152 1181 2206 unde
1204 2152 1310 2223 decepti
1334 2154 1433 2206 Graeci
1466 2174 1513 2226 per

472 2239 522 2295 bat
540 2241 638 2309 gratias
655 2239 835 2312 proditionis.
853 2249 881 2291 et
894 2255 964 2290 oom-
1017 2237 1127 2292 rimosas
1150 2240 1271 2311 scopulos
1290 2241 1422 2311 pertulere
1441 2260 1511 2296 nau-

473 2327 637 2382 memorabat
646 2338 775 2382 metum
787 2327 846 2379 auri
860 2325 963 2397 pondus
1019 2321 1114 2393 iragin.

474 2432 531 2469 esse
557 2415 765 2473 transmissum,
790 2413 864 2484 quod
885 2412 964 2466 dedit

476 2499 582 2571 captivo
600 2501 724 2558 troiano.
740 2509 769 2553 et
787 2516 847 2552 eum
866 2496 894 2552 in
914 2497 964 2550 iti·
1100 2497 1208 2576 :spuo
1226 2503 1427 2571 Agamemnone.

478 2606 542 2642 nere
562 2588 625 2643 iecit
640 2587 818 2644 occidi-llaec
835 2588 962 2642 inventa.

476 2693 549 2731 more
573 2675 687 2740 militiae
713 2674 770 2742 regi
792 2673 883 2730 oblata
902 2684 962 2730 est,

477 2775 506 2819 et
521 2765 590 2820 lecta
612 2763 779 2836 principibus
800 2761 961 2818 convocatis·
1020 2709 1116 2822 Cam
1136 2767 1234 2822 Graeci
1259 2769 1294 2822 ad
1313 2769 1438 2824 Aulidem
1464 2787 1512 2826 ve·

476 2847 555 2910 Tune
576 2856 666 2910 Ulixes
691 2872 751 2908 cum
776 2873 804 2910 se
828 2855 962 2908 Palamedi
1018 2853 1334 2923 nissent.Agamernnon
1350 2875 1396 2910 rex
1409 2857 1513 2910 Dianae

478 2943 787 3012 dissimularettaitai
800 2959 891 2997 rerum
908 2961 964 2997 esse
1017 2959 1123 2996 cervam
1144 2946 1245 3000 oceidit
1273 2946 1408 3015 ignarus:
1437 2945 1508 2998 unde

476 3051 531 3088 non
550 3031 686 3089 creditis,
711 3031 739 3084 in
763 3033 881 3086 tentorio
906 3031 965 3085 eius
1020 3031 1089 3086 irata
1109 3033 1189 3088 flatus
1210 3047 1350 3089 ventorum
1375 3035 1512 3090 removit.

477 3139 572 3176 aarum
581 3132 736 3190 quaeratur.
745 3121 805 3192 Quo
815 3120 905 3178 laeto.
921 3121 965 3174 in·
1018 3117 1196 3189 Quamobrem
1223 3135 1282 3172 cnm
1311 3135 1359 3174 nec
1387 3119 1513 3186 navigare

477 3221 557 3268 vento
577 3227 641 3262 auro
658 3247 665 3268 ,
684 3209 757 3280 quod
776 3211 833 3283 ipse
851 3227 897 3282 per
916 3229 966 3264 no·
1019 3219 1127 3280 possent
1149 3246 1158 3267 ‚
1175 3219 1204 3262 et
1223 3207 1403 3278 pestilentiam
1424 3207 1511 3262 susti-

477 3311 545 3354 etem
564 3299 697 3373 corruptis
716 3299 799 3354 serris
819 3298 964 3352 absconde·
1020 3308 1138 3355 nerent.
1156 3297 1278 3352 consulta
1303 3297 1413 3351 oracula
1433 3297 1511 3350 dire-

478 3398 543 3445 rat.
562 3388 713 3442 Palamedes
731 3386 868 3460 lapidibus
894 3387 966 3441 inte·
1020 3397 1084 3439 runt
1099 3388 1296 3452 agamemnonio
1310 3387 1439 3456 sanguine
1451 3387 1509 3458 plt-

478 3487 594 3548 remptus
604 3485 653 3528 est·
666 3475 743 3528 Hune
755 3485 843 3528 autom
861 3483 966 3528 constat
1020 3477 1133 3530 eandam
1152 3493 1210 3528 esse
1229 3475 1354 3529 Dianam·
1365 3477 1437 3543 Ergo
1451 3494 1512 3530 cum

476 3562 557 3618 luisse
574 3562 750 3634 prudentem:
769 3579 830 3616 nam
844 3571 872 3613 et
891 3557 966 3614 tabu·
1021 3563 1055 3616 ab
1069 3565 1147 3618 Ulixe
1160 3601 1167 3622 .
1180 3565 1229 3635 qui
1242 3575 1301 3618 erat
1312 3565 1491 3620 astutissimus
1506 3605 1514 3624 ,

477 3651 531 3702 lam
561 3651 665 3704 invonit
692 3650 726 3703 ad
757 3648 966 3720 comprimendus
1020 3669 1067 3724 per
1086 3652 1242 3725 nuptiarum
1256 3651 1455 3706 simulationem
1469 3653 1512 3705 ab·

478 3740 558 3794 otiosi
581 3739 726 3794 seditiones
748 3742 879 3792 exereitus
901 3774 909 3794 ‚
936 3749 967 3792 ut
1020 3739 1104 3792 dueta
1115 3737 1254 3811 iphigenia
1265 3739 1469 3806 Agamemnonis
1484 3741 1512 3792 li·

478 3829 563 3882 Varro
584 3839 704 3881 testatur.
719 3827 866 3880 Secundum
885 3845 968 3898 quos·
1022 3825 1059 3878 lia
1090 3827 1142 3880 iam
1163 3827 1323 3881 immolanda
1344 3839 1414 3881 esset
1435 3865 1442 3888 .
1462 3846 1513 3880 nu·

525 4045 566 4113 (t)
583 4055 610 4097 ln
627 4051 767 4096 redderent
783 4053 902 4113 sequentia
920 4065 978 4111 quae
998 4049 1085 4100 litteris
1098 4053 1182 4102 ilaiisir
1200 4055 1311 4100 iutssrrui
1322 4068 1350 4101 es
1366 4056 1442 4117 ttytl.
1450 4058 1470 4100 1.
1479 4049 1518 4100 35.
