3630 5334
517 671 581 740 300
833 661 1044 735 FABULAE
1067 663 1235 738 NOVAE.

671 825 805 897 XXXI.
828 843 1070 898 rerurroca
1093 847 1144 897 cr
1167 845 1328 898 uocrcs.

729 995 827 1050 Pravis
845 1012 902 1048 aon
917 1011 974 1047 esse
982 993 1077 1068 fidem
1092 991 1287 1048 adhibendum·
1385 1075 1387 1080 Ι

555 1140 664 1230 Avis,
684 1169 786 1236 quam
807 1145 924 1213 dicunt
944 1142 1157 1212 tcranuclam
1180 1137 1229 1228 (ι)
1251 1143 1391 1224 rustici,

512 1252 561 1321 [a
589 1269 684 1322 terra
711 1256 830 1324 nidum
849 1257 931 1346 quia
960 1255 1128 1341 componit
1148 1251 1292 1338 scilicet,

514 1362 617 1428 Forte
637 1367 783 1431 occurrit
802 1363 978 1454 improbae
996 1360 1212 1454 vulpeculae,

519 1471 597 1561 Qua
616 1475 690 1542 visa
701 1519 712 1560 ,
720 1477 844 1565 pennis
861 1471 964 1540 altius
975 1497 1011 1540 se
1022 1471 1166 1540 sustulit.

373 1609 376 1625 ·
511 1578 635 1650 Salvas
660 1584 771 1675 inquit
794 1581 886 1668 illa,
913 1607 974 1650 cur
994 1606 1047 1649 me
1055 1583 1186 1674 fugisti
1207 1577 1365 1653 obsecro?

514 1691 624 1781 Quasi
649 1716 719 1760 non
737 1691 871 1759 abunde
899 1695 945 1759 sit
968 1691 1053 1759 milii
1075 1696 1114 1759 in
1134 1711 1236 1782 prato
1264 1693 1381 1778 cibus,

514 1795 645 1882 Grilli‚
669 1799 864 1884 scarabaei,
888 1799 1091 1868 locustarum
1115 1803 1230 1889 copias

512 1907 613 1974 Nilsil
634 1925 685 1976 est
715 1907 803 2000 quod
825 1927 974 1992 metuas,
989 1931 1089 2000 roget
1116 1926 1149 1976 te
1169 1907 1309 1976 multum
1328 1907 1453 1999 diligo,

517 2016 668 2107 Propter
689 2021 818 2108 quietos
837 2043 947 2086 meres
972 2037 1006 2086 et
1026 2023 1132 2088 vitam
1145 2020 1302 2111 probam·

510 2123 701 2216 Respondit
725 2143 862 2196 contro=
885 2145 920 2195 tu
945 2128 1079 2220 quidem
1097 2129 1181 2196 bene
1198 2129 1403 2218 praedicas,

509 2235 591 2302 Non
615 2261 689 2304 sum
711 2239 748 2303 in
770 2261 887 2330 campo
904 2263 975 2327 par
996 2239 1085 2322 tibi,
1105 2235 1167 2304 sed
1183 2262 1255 2304 sum
1276 2238 1335 2304 sub
1354 2236 1431 2304 dios

514 2343 605 2434 Quia
620 2366 777 2438 sequere,
799 2344 943 2414 salutem
965 2348 1028 2413 tibi
1053 2349 1221 2414 committo
1237 2371 1357 2414 mam.

803 2543 962 2614 XXXII.
983 2564 1187 2615 urrcocos.

782 2711 825 2762 De
837 2713 874 2765 iis
891 2715 943 2785 qui
960 2713 1062 2786 legunt
1081 2714 1218 2767 libellum

554 2859 631 2928 Hoc
656 2862 893 2958 qualecumque
913 2882 964 2933 est
984 2891 1080 2934 musa
1098 2865 1189 2958 quod
1210 2864 1299 2933 ludit
1321 2889 1423 2952 mea,

509 2969 671 3060 Nequitia
689 2977 825 3065 pariter
840 2975 985 3060 laudat,
1013 2992 1048 3042 et
1059 2974 1274 3066 frugalitas,
1456 2994 1458 3018 ³

515 3078 677 3152 Sedltaec
693 3084 909 3178 simpliciter,
931 3084 996 3154 illa
1019 3088 1120 3153 tacite
1141 3088 1309 3154 irascitur.

575 3247 619 3320 (ι)
636 3253 683 3306 Sic
699 3251 861 3314 evidenter.
880 3273 937 3309 aon
957 3251 1132 3309 terraneolam
1150 3263 1184 3306 ut
1202 3251 1249 3308 ed.
1268 3269 1348 3327 neap.
