3630 5334
607 632 818 706 FABULAE
841 629 1012 708 NovAE·
1238 657 1298 726 ²9¹

311 805 351 874 A
367 830 431 900 quo
455 805 573 876 revelli
589 808 684 876 nullo
710 831 785 876 cum
802 823 916 898 posset
932 805 1056 891 modo,

311 921 361 986 Et
382 923 420 986 in
443 916 619 1007 sepulchro
642 921 746 986 vitam
768 917 885 1009 lugens
912 917 1067 1008 degeret,

312 1026 461 1095 Claram
493 1041 675 1117 assequuto
701 1041 751 1093 est
763 1026 901 1107 samam
923 1042 1036 1094 castae
1057 1026 1208 1116 virginis.

310 1137 451 1205 Interea
461 1140 591 1224 fimum
615 1140 673 1228 qui
697 1136 925 1226 compilarant
954 1135 1074 1220 Iovis,

313 1240 417 1312 Cruci
446 1247 562 1340 affixi
586 1245 723 1315 luerunt
744 1269 875 1335 poenos
892 1247 1036 1312 numini.

311 1351 444 1422 Horum
469 1354 633 1447 reliquias
656 1357 792 1445 nequis
809 1369 922 1444 posset
936 1351 1073 1422 tolleres

317 1462 485 1534 Custodes
504 1466 634 1534 dantur
652 1465 777 1534 milites
804 1468 1033 1551 cadaverum,

313 1577 567 1648 Monumentum
594 1583 716 1664 iusta,
737 1577 858 1648 mulier
876 1603 940 1669 quo
970 1603 1006 1646 se
1023 1577 1222 1648 incluserat.

314 1681 516 1780 Aliquando
538 1692 656 1756 sitiens
681 1711 766 1756 unus
784 1687 829 1756 de
846 1688 1063 1773 custodibus,

312 1793 453 1890 Aquam
478 1804 612 1892 rogavit
640 1801 753 1868 media
772 1815 867 1867 nocte
890 1797 1114 1884 ancillulam,

315 1905 412 1996 Quae
429 1907 530 1992 sorte
551 1909 711 1978 dominae
737 1925 814 1978 tunc
836 1907 1023 1976 adsistebat
1040 1933 1122 1976 suae

314 2012 507 2084 Dormitum
535 2022 652 2105 eunti,
680 2041 826 2109 nomque
847 2017 1102 2100 lucubraverat,

311 2124 361 2190 Et
381 2149 484 2218 usque
503 2129 541 2193 in
557 2151 668 2196 serum
688 2127 825 2220 uigilias
839 2125 1065 2217 perduxerat·

311 2231 461 2303 Paulum
478 2235 617 2304 reclusis
621 2239 762 2324 finibus
781 2239 878 2308 miles
892 2240 1081 2328 prospicit,

315 2341 481 2435 thetque
501 2369 668 2436 aegrotem
700 2362 733 2413 et
741 2347 841 2434 facie
856 2346 1002 2437 pulchra
1012 2347 1186 2432 feminam.

316 2451 501 2544 Corruptus
525 2459 659 2522 animus
678 2453 770 2524 illico
786 2457 1016 2540 succenditur,

317 2557 494 2649 Uriturque
516 2563 639 2626 sensim
658 2559 860 2650 impudentis
881 2561 1058 2653 cupiditas.

315 2666 430 2738 Solers
456 2693 596 2738 acumen
618 2670 712 2736 mille
734 2695 854 2739 causas
877 2675 1029 2756 invenit,
1156 2669 1157 2672 ¹

312 2778 386 2845 Per
401 2803 486 2867 quas
520 2779 634 2847 videre
655 2797 768 2869 posset
791 2805 865 2848 eom
893 2780 939 2870 (a)
953 2785 1094 2870 saepius.

319 2887 531 2978 Quotidiano
558 2906 659 2980 capta
692 2889 945 2974 consuetudine,

312 2996 491 3066 Paulatim
500 3001 603 3087 facta
636 3016 689 3068 est
708 2999 861 3070 advenae
883 3002 1109 3078 summissior,

314 3107 402 3174 Mose
422 3111 570 3176 arctiore
581 3112 694 3176 vinxit
714 3111 866 3176 animum
887 3107 1017 3198 copula.

313 3217 384 3284 Hic
408 3214 488 3282 άιυιι
512 3221 676 3284 consumit
700 3233 812 3284 noctes
837 3233 945 3283 custos
973 3214 1147 3307 diligens,

313 3326 555 3394 Desideratum
581 3344 631 3396 est
655 3351 774 3418 corpus
791 3351 839 3394 ea·
856 3349 924 3392 utta
947 3351 1053 3394 eruce.

318 3438 487 3506 Rabona
507 3441 605 3507 miles
616 3441 753 3527 factum
772 3441 915 3528 exponit
940 3435 1084 3504 mulieri.

312 3540 367 3610 At
388 3559 509 3611 sancta
534 3541 680 3609 mulier:
707 3565 775 3608 non
800 3557 848 3608 est
870 3541 961 3631 quod
983 3545 1128 3624 timeas,
1149 3542 1229 3623 ait,

316 3651 458 3741 Virique
477 3675 595 3740 corpus
623 3651 920 3742 troditfigendum
940 3655 1056 3735 cruci,

313 3759 368 3828 Ne
387 3760 504 3828 subeat
532 3759 592 3827 ille
604 3785 732 3850 poenas
754 3759 992 3852 negligentiae.

316 3867 374 3935 Sic
392 3865 559 3960 turpitudo
581 3871 694 3938 laudis
718 3872 847 3940 obsedit
871 3869 992 3937 locum·

329 4031 367 4096 (a)
383 4035 490 4096 Uterque
503 4037 578 4082 cotes
594 4040 663 4084 vim·

983 4117 1003 4158 st

904 4147 953 4228 19
