3666 5338
550 656 593 741 4⁰
830 667 1198 748 MYTHOGRAPHUS
1223 681 1248 748 1.

545 821 611 892 quia
622 830 730 894 πλοῦτος
744 847 836 901 graeee
848 834 960 894 divitiae
970 838 1008 894 di·

543 922 649 972 euamr.
666 917 744 974 iluna
763 922 811 976 alii
838 924 937 980 Omen
962 947 1011 984 ro-

543 1011 620 1060 eant.
634 1007 712 1076 quasi
727 1021 884 1082 receptorem
898 1027 1011 1072 mortaro-

1066 841 1138 911 giliis
1154 844 1326 917 deputantur·
1347 847 1421 904 Aello
1435 847 1522 920 capiis

1065 933 1137 1004 rapit
1154 933 1288 1006 Oeypite3
1308 937 1420 991 Celaeno
1438 955 1524 994 recor·

1066 1021 1118 1077 dil.
1135 1023 1223 1084 Aello.
1242 1025 1271 1079 id
1288 1038 1329 1082 est
1349 1029 1464 1083 alianum
1483 1033 1525 1084 td-

543 1105 615 1148 rum.
629 1095 694 1164 quia
708 1096 822 1155 tenebris
837 1100 958 1158 abditum
971 1106 1011 1160 in·
1063 1111 1135 1178 lensr
1164 1113 1295 1186 Ocypile.
1321 1117 1351 1170 id
1378 1128 1418 1172 est
1451 1116 1525 1172 sitin

543 1171 606 1229 laria
632 1196 751 1249 praeesse
776 1187 896 1245 tradunt.
923 1193 1011 1249 liuius

541 1259 656 1329 pedibas
665 1266 1013 1336 Tricerberumcanemenb·

542 1347 648 1414 iciant.
674 1359 748 1427 qnod
773 1367 927 1424 mortalium
954 1372 1012 1428 iur-

543 1436 647 1504 giorum
663 1441 784 1504 invidiae
806 1458 921 1513 lornario
945 1477 1011 1516 oon·

543 1524 640 1581 ssmtar
656 1542 747 1593 statu.
773 1538 861 1600 idest
880 1550 1011 1609 naturali.

543 1615 815 1682 murlimeeidenrs

580 2001 674 2118 Trea
693 2066 776 2126 lorias
804 2073 891 2131 dietas
916 2081 1011 2149 Eume·

544 2146 622 2202 uidae
639 2153 746 2210 Plutoni
760 2158 854 2217 dicunt
868 2163 1013 2227 deservire.

544 2252 657 2305 quarum
676 2245 764 2313 prima
783 2247 885 2307 Allecto
904 2271 1012 2322 graece.

544 2322 727 2396 impausabilis
738 2334 849 2392 dicitur:
870 2341 1014 2417 'l'hesiplro-

432 2466 437 2475 .
546 2427 593 2470 ae.
612 2415 691 2472 idest
701 2421 811 2478 istarum
822 2425 862 2501 (a)
872 2449 939 2485 vox:
959 2435 1012 2488 Me·

545 2517 640 2565 gaesa.
654 2508 731 2575 quasi
752 2527 847 2582 magna
869 2524 1012 2578 eontentio.

545 2588 603 2643 llae
610 2607 660 2662 pro
670 2593 789 2653 crinibus
796 2599 896 2660 habent
908 2626 1012 2680 angues

622 2785 683 2826 rao·
702 2772 742 2828 De
753 2775 838 2832 tribus
848 2779 922 2838 latis.

582 2885 742 3006 Triuiam
756 2953 837 3009 etiam
850 2959 955 3018 Plutoni
971 2964 1014 3018 de·

546 3036 660 3094 stinant.
678 3041 749 3097 llaec
777 3063 886 3119 quoque
916 3053 1015 3110 Parcae

546 3125 636 3182 dictae
652 3147 700 3200 per
727 3135 914 3205 antiphrasin.
942 3143 1014 3212 quod

546 3215 613 3270 nulli
625 3233 745 3290 meant·
757 3225 853 3280 Clotho
868 3229 953 3286 colum
970 3231 1016 3286 ba·

547 3301 630 3363 ialal.
650 3309 773 3366 Lachesis
782 3315 882 3377 trahit,
901 3318 1015 3393 Atropos

547 3403 631 3447 ocean
651 3395 746 3453 Clotho
758 3417 864 3468 graece,
879 3405 961 3460 latine
976 3408 1016 3461 di·

551 3477 622 3536 citur
638 3486 775 3552 evocati03
793 3489 931 3550 Lachesis.
943 3509 1014 3559 sorar

549 3567 679 3646 Atropos.
696 3573 754 3630 aine
772 3578 873 3636 ordine·

589 3761 649 3800 rra·
667 3747 706 3802 De
724 3749 812 3806 uibus
836 3754 945 3828 harpyis

593 3849 640 3888 seu
657 3835 893 3911 stymphalidihos.
915 3841 955 3916 (3)
1030 3835 1033 3842 ’

585 3957 678 4072 Tres
687 4017 816 4091 harpyiae
834 4021 860 4074 in
875 4023 964 4078 inferis
979 4024 1018 4081 ri·

607 4125 647 4190 (l)
666 4124 721 4174 eod.
739 4124 889 4176 Eumrrrr'rlrs.

607 4217 647 4283 (ι)
664 4219 701 4262 lla
719 4209 769 4256 ead.

1066 1197 1205 1268 auferensp
1224 1201 1356 1262 Celaeno.
1377 1204 1406 1258 id
1425 1217 1466 1261 est
1488 1205 1531 1258 ni-

1064 1302 1122 1354 gra.

1086 1479 1147 1521 rra·
1165 1466 1204 1520 De
1213 1467 1367 1541 Proserpina
1377 1485 1423 1524 seu
1436 1469 1532 1526 Diana.

1101 1587 1307 1716 Proserpinam
1326 1645 1429 1700 Cereris
1451 1647 1533 1702 liliam

1066 1734 1287 1806 nuptamyolunt
1312 1736 1427 1791 Plutoni·
1456 1737 1533 1794 cera

1067 1819 1136 1873 enim
1147 1821 1273 1888 gaudium
1283 1820 1322 1894 (4)
1332 1822 1446 1884 dicitur,
1457 1837 1484 1879 et
1492 1837 1533 1880 est

1068 1904 1118 1958 dea
1136 1905 1269 1961 frumenti·
1288 1910 1443 1983 Proserpina
1472 1929 1533 1966 raro

1068 1991 1159 2049 dieta,
1177 1994 1243 2063 qnia
1259 2014 1291 2050 ex
1320 2015 1351 2052 eo
1379 2011 1534 2071 proserpant

1067 2079 1165 2150 fruges·
1185 2083 1255 2140 llaec
1273 2098 1301 2140 et
1322 2087 1403 2142 Vesta
1417 2089 1533 2147 dieitur.

1067 2171 1133 2240 quia
1155 2171 1245 2226 herbis
1264 2175 1304 2228 rel
1330 2177 1411 2232 variis
1435 2178 1534 2233 vestita

1068 2263 1105 2316 sit
1123 2260 1209 2316 robus·
1228 2261 1314 2316 Diana
1337 2265 1418 2318 otiam
1443 2267 1535 2322 eadem

1068 2365 1123 2408 est,
1141 2351 1217 2421 qnasi
1231 2351 1335 2409 cluana.
1354 2355 1418 2423 quia
1430 2356 1493 2410 luna
1507 2367 1536 2411 el

1070 2435 1114 2489 dia
1131 2448 1158 2490 el
1183 2449 1261 2491 nocte
1287 2453 1422 2510 appareat.
1447 2445 1536 2514 Ipsam

1068 2525 1149 2576 etiam
1168 2526 1294 2578 Lucinam
1313 2540 1475 2588 asseverant,
1503 2549 1535 2586 eo

1068 2613 1141 2682 quod
1160 2614 1256 2666 luceat.
1275 2617 1392 2669 Eandem
1418 2629 1445 2672 el
1471 2619 1535 2672 Tri-

1068 2699 1156 2758 viam.
1174 2719 1206 2755 eo
1223 2702 1297 2771 quod
1309 2701 1396 2756 tribus
1410 2703 1534 2772 fungatur

1068 2789 1174 2858 figuris3
1193 2792 1298 2863 dequo
1325 2793 1454 2861 Virgilius
1477 2795 1533 2846 tria

1067 2879 1186 2950 virginis
1199 2897 1249 2932 ora
1264 2883 1388 2932 Dianae:
1407 2880 1472 2950 quia
1489 2897 1534 2934 ea-

1070 2962 1128 3016 dem
1145 2964 1226 3022 luna.
1244 2967 1333 3020 eadem
1363 2966 1465 3027 Diana,
1489 2985 1535 3020 ea·

1070 3050 1128 3104 dem
1146 3051 1300 3124 Proserpina
1320 3064 1439 3112 ¹rocatur.
1464 3054 1536 3108 llaec

1071 3153 1099 3194 et
1112 3142 1211 3196 latonia
1224 3146 1297 3210 virgo
1311 3143 1411 3198 dicitur
1425 3163 1441 3198 a
1453 3157 1536 3199 matre

1072 3233 1193 3284 Latona:
1222 3243 1250 3284 et
1279 3231 1399 3302 plutonia
1419 3235 1534 3292 canina·

1071 3337 1161 3390 gruem
1179 3321 1278 3374 Hecate
1295 3322 1401 3376 dicitur.

1150 3493 1210 3553 113.
1229 3495 1359 3568 Apollinis
1376 3509 1403 3551 et
1421 3497 1493 3551 solis.

1108 3613 1286 3741 Apollinem
1299 3669 1382 3722 filium
1397 3669 1475 3725 lovis.
1488 3668 1537 3722 fra·

1071 3771 1138 3815 trem
1151 3760 1268 3817 Dianae,
1288 3759 1368 3812 solem
1382 3757 1436 3810 dici
1449 3759 1537 3811 volua-

1071 3859 1143 3901 runt.
1155 3847 1230 3899 llunc
1241 3855 1268 3898 et
1278 3844 1451 3898 divinationis
1460 3843 1538 3896 doum

1070 3945 1188 4006 wnunl.
1208 3949 1239 3986 eo
1257 3931 1330 4002 quod
1343 3933 1381 3984 sol
1394 3929 1481 3984 omnin
1494 3930 1537 3983 ob-

1068 4043 1144 4078 scura
1163 4020 1311 4074 manilcstol
1331 4023 1358 4072 in
1377 4021 1467 4073 lucam.
1488 4021 1536 4072 So-

1148 4128 1186 4190 (3)
1205 4127 1258 4170 cod.
1278 4125 1464 4184 dlrrrrpholdlh.

1148 4202 1186 4268 (l)
1205 4209 1289 4248 Grlorr
1303 4193 1402 4262 χαῖρον,
