<?xml version="1.0" encoding="UTF-8"?>
<!DOCTYPE html PUBLIC "-//W3C//DTD XHTML 1.0 Transitional//EN"
    "http://www.w3.org/TR/xhtml1/DTD/xhtml1-transitional.dtd">
<html xmlns="http://www.w3.org/1999/xhtml" xml:lang="en" lang="en">
 <head>
  <title>
</title>
<meta http-equiv="Content-Type" content="text/html;charset=utf-8" />
  <meta name='ocr-system' content='tesseract 3.04.00' />
  <meta name='ocr-capabilities' content='ocr_page ocr_carea ocr_par ocr_line ocrx_word'/>
</head>
<body>
  <div class='ocr_page' id='page_1' title='image "./classicorumauct01vatigoog_0439.png"; bbox 0 0 3634 5336; ppageno 0'>
   <div class='ocr_carea' id='block_1_1' title="bbox 428 658 916 898">
    <p class='ocr_par' dir='ltr' id='par_1_1' title="bbox 428 658 916 898">
     <span class='ocr_line' id='line_1_1' title="bbox 452 658 520 752; baseline -0.088 1"><span class='ocrx_word' id='word_1_1' title='bbox 452 658 520 752; x_wconf 68' lang='lat'><strong>³7⁴</strong></span> 
     </span>
     <span class='ocr_line' id='line_1_2' title="bbox 428 822 916 898; baseline -0.006 -17"><span class='ocrx_word' id='word_1_2' title='bbox 428 829 462 882; x_wconf 84' lang='lat' dir='ltr'><strong>de</strong></span> <span class='ocrx_word' id='word_1_3' title='bbox 482 824 542 898; x_wconf 76' lang='lat' dir='ltr'><strong>ipsa</strong></span> <span class='ocrx_word' id='word_1_4' title='bbox 557 835 619 897; x_wconf 72' lang='lat' dir='ltr'><strong>past</strong></span> <span class='ocrx_word' id='word_1_5' title='bbox 646 822 745 879; x_wconf 84' lang='lat' dir='ltr'><strong>Troiae</strong></span> <span class='ocrx_word' id='word_1_6' title='bbox 761 823 916 878; x_wconf 66' lang='lat' dir='ltr'><strong>muu-</strong></span> 
     </span>
    </p>
   </div>
   <div class='ocr_carea' id='block_1_2' title="bbox 429 914 922 1152">
    <p class='ocr_par' dir='ltr' id='par_1_2' title="bbox 429 914 922 1152">
     <span class='ocr_line' id='line_1_3' title="bbox 431 914 918 990; baseline -0.01 -18"><span class='ocrx_word' id='word_1_7' title='bbox 431 936 488 973; x_wconf 76' lang='lat' dir='ltr'><strong>ran</strong></span> <span class='ocrx_word' id='word_1_8' title='bbox 506 915 546 990; x_wconf 83' lang='lat' dir='ltr'><strong>(r)</strong></span> <span class='ocrx_word' id='word_1_9' title='bbox 566 933 626 970; x_wconf 84' lang='lat' dir='ltr'><strong>euna</strong></span> <span class='ocrx_word' id='word_1_10' title='bbox 639 934 700 969; x_wconf 82' lang='lat' dir='ltr'><strong>oure</strong></span> <span class='ocrx_word' id='word_1_11' title='bbox 718 915 773 969; x_wconf 86' lang='lat' dir='ltr'><strong>suis</strong></span> <span class='ocrx_word' id='word_1_12' title='bbox 791 914 872 970; x_wconf 82' lang='lat' dir='ltr'><strong>sotiis</strong></span> <span class='ocrx_word' id='word_1_13' title='bbox 891 915 918 967; x_wconf 89' lang='lat' dir='ltr'><strong>ira</strong></span> 
     </span>
     <span class='ocr_line' id='line_1_4' title="bbox 429 1001 922 1076; baseline -0.012 -14"><span class='ocrx_word' id='word_1_14' title='bbox 429 1007 496 1062; x_wconf 79' lang='lat' dir='ltr'><strong>arari</strong></span> <span class='ocrx_word' id='word_1_15' title='bbox 513 1005 640 1076; x_wconf 71' lang='lat' dir='ltr'><strong>fatigavit</strong></span> <span class='ocrx_word' id='word_1_16' title='bbox 657 1039 665 1062; x_wconf 83' lang='lat'><em>.</em></span> <span class='ocrx_word' id='word_1_17' title='bbox 685 1013 712 1057; x_wconf 88' lang='lat' dir='ltr'><strong>et</strong></span> <span class='ocrx_word' id='word_1_18' title='bbox 731 1004 819 1058; x_wconf 80' lang='lat' dir='ltr'><strong>socios</strong></span> <span class='ocrx_word' id='word_1_19' title='bbox 837 1001 922 1058; x_wconf 84' lang='lat' dir='ltr'><strong>vertit</strong></span> 
     </span>
     <span class='ocr_line' id='line_1_5' title="bbox 431 1112 558 1152; baseline -0.047 -2"><span class='ocrx_word' id='word_1_20' title='bbox 431 1114 461 1150; x_wconf 85' lang='lat' dir='ltr'><strong>aa</strong></span> <span class='ocrx_word' id='word_1_21' title='bbox 488 1112 558 1152; x_wconf 85' lang='lat' dir='ltr'><strong>aves.</strong></span> 
     </span>
    </p>
   </div>
   <div class='ocr_carea' id='block_1_3' title="bbox 546 1266 800 1338">
    <p class='ocr_par' dir='ltr' id='par_1_3' title="bbox 546 1266 800 1338">
     <span class='ocr_line' id='line_1_6' title="bbox 546 1266 800 1338; baseline -0.031 -13"><span class='ocrx_word' id='word_1_22' title='bbox 546 1266 800 1338; x_wconf 45' lang='lat' dir='ltr'><strong>mmmm</strong></span> 
     </span>
    </p>
   </div>
   <div class='ocr_carea' id='block_1_4' title="bbox 431 1476 924 1586">
    <p class='ocr_par' dir='ltr' id='par_1_4' title="bbox 431 1476 924 1586">
     <span class='ocr_line' id='line_1_7' title="bbox 431 1476 924 1586; baseline -0.016 -1"><span class='ocrx_word' id='word_1_23' title='bbox 431 1476 542 1586; x_wconf 81' lang='lat' dir='ltr'><strong>Laius</strong></span> <span class='ocrx_word' id='word_1_24' title='bbox 549 1547 595 1582; x_wconf 84' lang='lat' dir='ltr'><strong>rea</strong></span> <span class='ocrx_word' id='word_1_25' title='bbox 602 1524 924 1580; x_wconf 82' lang='lat' dir='ltr'><strong>Thebarnmbabuituao</strong></span> 
     </span>
    </p>
   </div>
   <div class='ocr_carea' id='block_1_5' title="bbox 433 1617 923 1688">
    <p class='ocr_par' dir='ltr' id='par_1_5' title="bbox 433 1617 923 1688">
     <span class='ocr_line' id='line_1_8' title="bbox 433 1617 923 1688; baseline -0.01 -17"><span class='ocrx_word' id='word_1_26' title='bbox 433 1639 488 1673; x_wconf 86' lang='lat' dir='ltr'><strong>rora</strong></span> <span class='ocrx_word' id='word_1_27' title='bbox 507 1620 612 1677; x_wconf 85' lang='lat' dir='ltr'><strong>nomine</strong></span> <span class='ocrx_word' id='word_1_28' title='bbox 632 1619 759 1670; x_wconf 80' lang='lat' dir='ltr'><strong>locustam</strong></span> <span class='ocrx_word' id='word_1_29' title='bbox 771 1651 778 1673; x_wconf 87' lang='lat'><strong>.</strong></span> <span class='ocrx_word' id='word_1_30' title='bbox 791 1617 836 1667; x_wconf 86' lang='lat' dir='ltr'><strong>eui</strong></span> <span class='ocrx_word' id='word_1_31' title='bbox 851 1632 923 1688; x_wconf 82' lang='lat' dir='ltr'><strong>prae·</strong></span> 
     </span>
    </p>
   </div>
   <div class='ocr_carea' id='block_1_6' title="bbox 433 1705 926 2046">
    <p class='ocr_par' dir='ltr' id='par_1_6' title="bbox 433 1705 926 2046">
     <span class='ocr_line' id='line_1_9' title="bbox 434 1705 926 1780; baseline -0.008 -20"><span class='ocrx_word' id='word_1_32' title='bbox 434 1709 505 1780; x_wconf 83' lang='lat' dir='ltr'>cepit</span> <span class='ocrx_word' id='word_1_33' title='bbox 523 1717 556 1760; x_wconf 88' lang='lat' dir='ltr'><strong>ut</strong></span> <span class='ocrx_word' id='word_1_34' title='bbox 568 1723 657 1761; x_wconf 80' lang='lat' dir='ltr'><strong>ornnes</strong></span> <span class='ocrx_word' id='word_1_35' title='bbox 672 1705 741 1760; x_wconf 87' lang='lat' dir='ltr'><strong>iiiios</strong></span> <span class='ocrx_word' id='word_1_36' title='bbox 760 1723 793 1758; x_wconf 82' lang='lat' dir='ltr'><strong>ea</strong></span> <span class='ocrx_word' id='word_1_37' title='bbox 805 1723 833 1759; x_wconf 93' lang='lat' dir='ltr'><strong>se</strong></span> <span class='ocrx_word' id='word_1_38' title='bbox 850 1705 926 1772; x_wconf 74' lang='lat' dir='ltr'><strong>geni·</strong></span> 
     </span>
     <span class='ocr_line' id='line_1_10' title="bbox 435 1792 925 1850; baseline -0.016 0"><span class='ocrx_word' id='word_1_39' title='bbox 435 1809 476 1850; x_wconf 93' lang='lat' dir='ltr'><strong>tos</strong></span> <span class='ocrx_word' id='word_1_40' title='bbox 499 1805 607 1849; x_wconf 82' lang='lat' dir='ltr'><strong>necaret</strong></span> <span class='ocrx_word' id='word_1_41' title='bbox 628 1815 635 1845; x_wconf 77' lang='lat' dir='ltr'><strong>r</strong></span> <span class='ocrx_word' id='word_1_42' title='bbox 656 1811 717 1846; x_wconf 81' lang='lat' dir='ltr'><strong>nam</strong></span> <span class='ocrx_word' id='word_1_43' title='bbox 740 1792 889 1848; x_wconf 83' lang='lat' dir='ltr'><strong>andierat.</strong></span> <span class='ocrx_word' id='word_1_44' title='bbox 910 1809 925 1842; x_wconf 88' lang='lat' dir='ltr'><strong>u</strong></span> 
     </span>
     <span class='ocr_line' id='line_1_11' title="bbox 433 1879 926 1938; baseline -0.016 0"><span class='ocrx_word' id='word_1_45' title='bbox 433 1885 527 1938; x_wconf 84' lang='lat' dir='ltr'><strong>liberis</strong></span> <span class='ocrx_word' id='word_1_46' title='bbox 551 1884 606 1938; x_wconf 87' lang='lat' dir='ltr'><strong>suis</strong></span> <span class='ocrx_word' id='word_1_47' title='bbox 622 1900 651 1936; x_wconf 94' lang='lat' dir='ltr'><strong>se</strong></span> <span class='ocrx_word' id='word_1_48' title='bbox 673 1879 863 1936; x_wconf 80' lang='lat' dir='ltr'><strong>occidendam·</strong></span> <span class='ocrx_word' id='word_1_49' title='bbox 880 1879 926 1932; x_wconf 89' lang='lat' dir='ltr'><strong>iiia</strong></span> 
     </span>
     <span class='ocr_line' id='line_1_12' title="bbox 435 1967 925 2046; baseline -0.016 -18"><span class='ocrx_word' id='word_1_50' title='bbox 435 1974 561 2046; x_wconf 76' lang='lat' dir='ltr'><strong>pariens,</strong></span> <span class='ocrx_word' id='word_1_51' title='bbox 580 1988 691 2046; x_wconf 80' lang='lat' dir='ltr'><strong>puerunt</strong></span> <span class='ocrx_word' id='word_1_52' title='bbox 711 1971 811 2044; x_wconf 83' lang='lat' dir='ltr'><strong>piatatis</strong></span> <span class='ocrx_word' id='word_1_53' title='bbox 833 1967 925 2041; x_wconf 79' lang='lat' dir='ltr'><strong>perio-</strong></span> 
     </span>
    </p>
   </div>
   <div class='ocr_carea' id='block_1_7' title="bbox 425 2062 939 3631">
    <p class='ocr_par' dir='ltr' id='par_1_7' title="bbox 425 2062 939 3631">
     <span class='ocr_line' id='line_1_13' title="bbox 436 2062 926 2120; baseline -0.008 -1"><span class='ocrx_word' id='word_1_54' title='bbox 436 2066 503 2119; x_wconf 89' lang='lat' dir='ltr'><strong>ratis</strong></span> <span class='ocrx_word' id='word_1_55' title='bbox 524 2065 552 2118; x_wconf 89' lang='lat' dir='ltr'><strong>in</strong></span> <span class='ocrx_word' id='word_1_56' title='bbox 570 2065 665 2120; x_wconf 85' lang='lat' dir='ltr'><strong>silvanr</strong></span> <span class='ocrx_word' id='word_1_57' title='bbox 684 2062 783 2116; x_wconf 77' lang='lat' dir='ltr'><strong>deferri</strong></span> <span class='ocrx_word' id='word_1_58' title='bbox 797 2063 883 2116; x_wconf 88' lang='lat' dir='ltr'><strong>iussit.</strong></span> <span class='ocrx_word' id='word_1_59' title='bbox 895 2065 926 2115; x_wconf 89' lang='lat' dir='ltr'><strong>in</strong></span> 
     </span>
     <span class='ocr_line' id='line_1_14' title="bbox 436 2151 930 2226; baseline -0.014 -16"><span class='ocrx_word' id='word_1_60' title='bbox 436 2159 529 2210; x_wconf 81' lang='lat' dir='ltr'><strong>cadens</strong></span> <span class='ocrx_word' id='word_1_61' title='bbox 547 2157 614 2211; x_wconf 83' lang='lat' dir='ltr'><strong>silva</strong></span> <span class='ocrx_word' id='word_1_62' title='bbox 630 2153 746 2226; x_wconf 77' lang='lat' dir='ltr'>Polybus</span> <span class='ocrx_word' id='word_1_63' title='bbox 764 2171 812 2208; x_wconf 86' lang='lat' dir='ltr'><strong>rex</strong></span> <span class='ocrx_word' id='word_1_64' title='bbox 831 2151 930 2206; x_wconf 86' lang='lat' dir='ltr'><strong>Phoci-</strong></span> 
     </span>
     <span class='ocr_line' id='line_1_15' title="bbox 440 2243 926 2311; baseline -0.014 -13"><span class='ocrx_word' id='word_1_65' title='bbox 440 2244 483 2298; x_wconf 89' lang='lat' dir='ltr'><strong>dis</strong></span> <span class='ocrx_word' id='word_1_66' title='bbox 497 2243 640 2300; x_wconf 84' lang='lat' dir='ltr'><strong>venatione</strong></span> <span class='ocrx_word' id='word_1_67' title='bbox 654 2251 712 2296; x_wconf 88' lang='lat' dir='ltr'><strong>erat</strong></span> <span class='ocrx_word' id='word_1_68' title='bbox 725 2249 869 2311; x_wconf 84' lang='lat' dir='ltr'><strong>occupatus</strong></span> <span class='ocrx_word' id='word_1_69' title='bbox 879 2259 886 2292; x_wconf 79' lang='lat' dir='ltr'><strong>s</strong></span> <span class='ocrx_word' id='word_1_70' title='bbox 898 2247 926 2292; x_wconf 89' lang='lat' dir='ltr'><strong>et</strong></span> 
     </span>
     <span class='ocr_line' id='line_1_16' title="bbox 440 2328 926 2406; baseline -0.016 -18"><span class='ocrx_word' id='word_1_71' title='bbox 440 2335 561 2404; x_wconf 77' lang='lat' dir='ltr'><strong>vagitum</strong></span> <span class='ocrx_word' id='word_1_72' title='bbox 582 2333 660 2406; x_wconf 82' lang='lat' dir='ltr'><strong>pueri</strong></span> <span class='ocrx_word' id='word_1_73' title='bbox 683 2331 795 2384; x_wconf 81' lang='lat' dir='ltr'><strong>audiens</strong></span> <span class='ocrx_word' id='word_1_74' title='bbox 812 2364 820 2387; x_wconf 84' lang='lat'><em>.</em></span> <span class='ocrx_word' id='word_1_75' title='bbox 838 2328 926 2381; x_wconf 86' lang='lat' dir='ltr'><strong>aii&#39;erri</strong></span> 
     </span>
     <span class='ocr_line' id='line_1_17' title="bbox 440 2415 929 2498; baseline -0.016 -23"><span class='ocrx_word' id='word_1_76' title='bbox 440 2421 537 2476; x_wconf 85' lang='lat' dir='ltr'><strong>iubens</strong></span> <span class='ocrx_word' id='word_1_77' title='bbox 556 2456 565 2479; x_wconf 82' lang='grc'><strong><em>,</em></strong></span> <span class='ocrx_word' id='word_1_78' title='bbox 589 2432 726 2498; x_wconf 72' lang='lat' dir='ltr'><strong>tamqnam</strong></span> <span class='ocrx_word' id='word_1_79' title='bbox 743 2433 820 2470; x_wconf 83' lang='lat' dir='ltr'><strong>snum</strong></span> <span class='ocrx_word' id='word_1_80' title='bbox 839 2415 929 2468; x_wconf 88' lang='lat' dir='ltr'><strong>nntri-</strong></span> 
     </span>
     <span class='ocr_line' id='line_1_18' title="bbox 440 2505 931 2581; baseline -0.022 -14"><span class='ocrx_word' id='word_1_81' title='bbox 440 2511 504 2568; x_wconf 87' lang='lat' dir='ltr'><strong>vit.</strong></span> <span class='ocrx_word' id='word_1_82' title='bbox 522 2509 711 2581; x_wconf 82' lang='lat' dir='ltr'><strong>Oedipumque</strong></span> <span class='ocrx_word' id='word_1_83' title='bbox 731 2505 857 2562; x_wconf 74' lang='lat' dir='ltr'><strong>votavit·</strong></span> <span class='ocrx_word' id='word_1_84' title='bbox 878 2505 931 2558; x_wconf 83' lang='lat' dir='ltr'><strong>cai</strong></span> 
     </span>
     <span class='ocr_line' id='line_1_19' title="bbox 443 2593 931 2670; baseline -0.014 -17"><span class='ocrx_word' id='word_1_85' title='bbox 443 2600 508 2655; x_wconf 79' lang='lat' dir='ltr'><strong>duna</strong></span> <span class='ocrx_word' id='word_1_86' title='bbox 521 2598 726 2670; x_wconf 78' lang='lat' dir='ltr'><strong>improperatum</strong></span> <span class='ocrx_word' id='word_1_87' title='bbox 741 2593 834 2648; x_wconf 84' lang='lat' dir='ltr'><strong>inisset</strong></span> <span class='ocrx_word' id='word_1_88' title='bbox 851 2609 879 2646; x_wconf 91' lang='lat' dir='ltr'><strong>se</strong></span> <span class='ocrx_word' id='word_1_89' title='bbox 889 2611 931 2662; x_wconf 75' lang='lat' dir='ltr'><strong>gc·</strong></span> 
     </span>
     <span class='ocr_line' id='line_1_20' title="bbox 441 2679 932 2752; baseline -0.02 -8"><span class='ocrx_word' id='word_1_90' title='bbox 441 2705 494 2743; x_wconf 79' lang='lat' dir='ltr'><strong>unt</strong></span> <span class='ocrx_word' id='word_1_91' title='bbox 519 2704 598 2742; x_wconf 82' lang='lat' dir='ltr'><strong>snum</strong></span> <span class='ocrx_word' id='word_1_92' title='bbox 631 2686 750 2752; x_wconf 78' lang='lat' dir='ltr'><strong>ignorare</strong></span> <span class='ocrx_word' id='word_1_93' title='bbox 777 2720 785 2743; x_wconf 88' lang='lat'><strong><em>.</em></strong></span> <span class='ocrx_word' id='word_1_94' title='bbox 818 2679 869 2737; x_wconf 82' lang='lat' dir='ltr'><strong>ivit</strong></span> <span class='ocrx_word' id='word_1_95' title='bbox 897 2681 932 2734; x_wconf 87' lang='lat' dir='ltr'><strong>ad</strong></span> 
     </span>
     <span class='ocr_line' id='line_1_21' title="bbox 442 2773 932 2846; baseline -0.004 -18"><span class='ocrx_word' id='word_1_96' title='bbox 442 2775 569 2846; x_wconf 80' lang='lat' dir='ltr'><strong>ternplum</strong></span> <span class='ocrx_word' id='word_1_97' title='bbox 588 2783 620 2827; x_wconf 87' lang='lat' dir='ltr'><strong>ut</strong></span> <span class='ocrx_word' id='word_1_98' title='bbox 638 2781 784 2843; x_wconf 82' lang='lat' dir='ltr'><strong>quaereret.</strong></span> <span class='ocrx_word' id='word_1_99' title='bbox 808 2773 932 2844; x_wconf 80' lang='lat' dir='ltr'>Dumque</span> 
     </span>
     <span class='ocr_line' id='line_1_22' title="bbox 443 2859 932 2932; baseline 0.002 -16"><span class='ocrx_word' id='word_1_100' title='bbox 443 2863 521 2920; x_wconf 86' lang='lat' dir='ltr'><strong>iret,</strong></span> <span class='ocrx_word' id='word_1_101' title='bbox 540 2861 665 2917; x_wconf 82' lang='lat' dir='ltr'><strong>obviavit</strong></span> <span class='ocrx_word' id='word_1_102' title='bbox 684 2859 724 2913; x_wconf 90' lang='lat' dir='ltr'><strong>iiii</strong></span> <span class='ocrx_word' id='word_1_103' title='bbox 739 2872 816 2932; x_wconf 84' lang='lat' dir='ltr'><strong>pater</strong></span> <span class='ocrx_word' id='word_1_104' title='bbox 839 2861 932 2917; x_wconf 86' lang='lat' dir='ltr'><strong>decre·</strong></span> 
     </span>
     <span class='ocr_line' id='line_1_23' title="bbox 444 2950 932 3024; baseline 0.004 -20"><span class='ocrx_word' id='word_1_105' title='bbox 444 2951 504 3024; x_wconf 81' lang='lat' dir='ltr'><strong>pita</strong></span> <span class='ocrx_word' id='word_1_106' title='bbox 529 2960 616 3004; x_wconf 84' lang='lat' dir='ltr'><strong>aetate</strong></span> <span class='ocrx_word' id='word_1_107' title='bbox 639 2967 649 3013; x_wconf 72' lang='lat'>3</span> <span class='ocrx_word' id='word_1_108' title='bbox 675 2967 752 3020; x_wconf 86' lang='lat' dir='ltr'><strong>quem</strong></span> <span class='ocrx_word' id='word_1_109' title='bbox 773 2959 804 3004; x_wconf 92' lang='lat' dir='ltr'><strong>ut</strong></span> <span class='ocrx_word' id='word_1_110' title='bbox 832 2950 904 3006; x_wconf 91' lang='lat' dir='ltr'><strong>vidit</strong></span> <span class='ocrx_word' id='word_1_111' title='bbox 925 2989 932 3012; x_wconf 88' lang='lat'><strong>.</strong></span> 
     </span>
     <span class='ocr_line' id='line_1_24' title="bbox 425 3039 932 3110; baseline 0.002 -18"><span class='ocrx_word' id='word_1_112' title='bbox 425 3047 427 3097; x_wconf 79' lang='grc' dir='ltr'>ἶ</span> <span class='ocrx_word' id='word_1_113' title='bbox 447 3041 571 3106; x_wconf 64' lang='lat' dir='ltr'><strong>ignorans</strong></span> <span class='ocrx_word' id='word_1_114' title='bbox 588 3054 645 3092; x_wconf 76' lang='lat' dir='ltr'><strong>asse</strong></span> <span class='ocrx_word' id='word_1_115' title='bbox 665 3047 765 3110; x_wconf 83' lang='lat' dir='ltr'><strong>patrem</strong></span> <span class='ocrx_word' id='word_1_116' title='bbox 779 3075 787 3098; x_wconf 89' lang='lat'><em>,</em></span> <span class='ocrx_word' id='word_1_117' title='bbox 805 3039 905 3093; x_wconf 75' lang='lat' dir='ltr'><strong>occidit</strong></span> <span class='ocrx_word' id='word_1_118' title='bbox 925 3075 932 3098; x_wconf 87' lang='lat'><strong>.</strong></span> 
     </span>
     <span class='ocr_line' id='line_1_25' title="bbox 447 3127 937 3200; baseline 0.004 -19"><span class='ocrx_word' id='word_1_119' title='bbox 447 3137 476 3181; x_wconf 83' lang='lat' dir='ltr'><strong>et</strong></span> <span class='ocrx_word' id='word_1_120' title='bbox 501 3144 582 3197; x_wconf 68' lang='lat' dir='ltr'><strong>regno</strong></span> <span class='ocrx_word' id='word_1_121' title='bbox 604 3129 753 3200; x_wconf 80' lang='lat' dir='ltr'><strong>ceterisque</strong></span> <span class='ocrx_word' id='word_1_122' title='bbox 776 3127 855 3182; x_wconf 88' lang='lat' dir='ltr'><strong>bonis</strong></span> <span class='ocrx_word' id='word_1_123' title='bbox 873 3144 937 3183; x_wconf 85' lang='lat' dir='ltr'><strong>usut</strong></span> 
     </span>
     <span class='ocr_line' id='line_1_26' title="bbox 450 3216 937 3289; baseline -0.002 -18"><span class='ocrx_word' id='word_1_124' title='bbox 450 3226 499 3271; x_wconf 70' lang='lat' dir='ltr'><strong>ert·</strong></span> <span class='ocrx_word' id='word_1_125' title='bbox 509 3216 574 3270; x_wconf 85' lang='lat' dir='ltr'><strong>inde</strong></span> <span class='ocrx_word' id='word_1_126' title='bbox 581 3217 723 3289; x_wconf 86' lang='lat' dir='ltr'><strong>procedens</strong></span> <span class='ocrx_word' id='word_1_127' title='bbox 736 3217 811 3272; x_wconf 86' lang='lat' dir='ltr'><strong>venit</strong></span> <span class='ocrx_word' id='word_1_128' title='bbox 822 3217 857 3270; x_wconf 88' lang='lat' dir='ltr'><strong>ad</strong></span> <span class='ocrx_word' id='word_1_129' title='bbox 867 3233 937 3270; x_wconf 86' lang='lat' dir='ltr'><strong>rnon·</strong></span> 
     </span>
     <span class='ocr_line' id='line_1_27' title="bbox 449 3293 935 3377; baseline -0.006 -19"><span class='ocrx_word' id='word_1_130' title='bbox 449 3315 519 3363; x_wconf 86' lang='lat' dir='ltr'><strong>tern.</strong></span> <span class='ocrx_word' id='word_1_131' title='bbox 527 3301 576 3357; x_wconf 88' lang='lat' dir='ltr'><strong>nbi</strong></span> <span class='ocrx_word' id='word_1_132' title='bbox 585 3315 644 3358; x_wconf 86' lang='lat' dir='ltr'><strong>erat</strong></span> <span class='ocrx_word' id='word_1_133' title='bbox 657 3304 760 3377; x_wconf 79' lang='lat' dir='ltr'>sphynx</span> <span class='ocrx_word' id='word_1_134' title='bbox 772 3293 915 3358; x_wconf 73' lang='lat' dir='ltr'><strong>monstr&#39;ura</strong></span> <span class='ocrx_word' id='word_1_135' title='bbox 927 3342 935 3364; x_wconf 87' lang='lat'><em>,</em></span> 
     </span>
     <span class='ocr_line' id='line_1_28' title="bbox 448 3390 937 3464; baseline -0.01 -15"><span class='ocrx_word' id='word_1_136' title='bbox 448 3391 572 3449; x_wconf 74' lang='lat' dir='ltr'><strong>omnbus</strong></span> <span class='ocrx_word' id='word_1_137' title='bbox 584 3390 817 3464; x_wconf 86' lang='lat' dir='ltr'><strong>praetereuntibus</strong></span> <span class='ocrx_word' id='word_1_138' title='bbox 831 3392 881 3445; x_wconf 87' lang='lat' dir='ltr'><strong>boc</strong></span> <span class='ocrx_word' id='word_1_139' title='bbox 896 3407 937 3444; x_wconf 87' lang='lat' dir='ltr'><strong>ac·</strong></span> 
     </span>
     <span class='ocr_line' id='line_1_29' title="bbox 448 3479 939 3554; baseline -0.008 -18"><span class='ocrx_word' id='word_1_140' title='bbox 448 3482 540 3551; x_wconf 69' lang='lat' dir='ltr'><strong>nignta</strong></span> <span class='ocrx_word' id='word_1_141' title='bbox 565 3499 714 3554; x_wconf 83' lang='lat' dir='ltr'><strong>proponens</strong></span> <span class='ocrx_word' id='word_1_142' title='bbox 734 3501 741 3533; x_wconf 83' lang='lat' dir='ltr'><strong>t</strong></span> <span class='ocrx_word' id='word_1_143' title='bbox 766 3479 833 3550; x_wconf 84' lang='lat' dir='ltr'><strong>quid</strong></span> <span class='ocrx_word' id='word_1_144' title='bbox 855 3479 939 3550; x_wconf 86' lang='lat' dir='ltr'><strong>primo</strong></span> 
     </span>
     <span class='ocr_line' id='line_1_30' title="bbox 450 3567 939 3631; baseline -0.006 -7"><span class='ocrx_word' id='word_1_145' title='bbox 450 3571 521 3631; x_wconf 79' lang='lat'>1111,</span> <span class='ocrx_word' id='word_1_146' title='bbox 530 3571 629 3625; x_wconf 89' lang='lat' dir='ltr'><strong>deinde</strong></span> <span class='ocrx_word' id='word_1_147' title='bbox 640 3571 678 3622; x_wconf 81' lang='grc' dir='ltr'><strong>ΙΙΙ</strong></span> <span class='ocrx_word' id='word_1_148' title='bbox 689 3607 696 3629; x_wconf 87' lang='grc'><em>,</em></span> <span class='ocrx_word' id='word_1_149' title='bbox 707 3567 805 3622; x_wconf 88' lang='lat' dir='ltr'><strong>deinde</strong></span> <span class='ocrx_word' id='word_1_150' title='bbox 813 3569 838 3622; x_wconf 84' lang='lat'><strong>11</strong></span> <span class='ocrx_word' id='word_1_151' title='bbox 848 3604 855 3627; x_wconf 85' lang='lat'><strong><em>.</em></strong></span> <span class='ocrx_word' id='word_1_152' title='bbox 864 3567 939 3621; x_wconf 86' lang='lat' dir='ltr'><strong>dein·</strong></span> 
     </span>
    </p>
   </div>
   <div class='ocr_carea' id='block_1_8' title="bbox 450 3738 942 3880">
    <p class='ocr_par' dir='ltr' id='par_1_8' title="bbox 450 3738 942 3880">
     <span class='ocr_line' id='line_1_31' title="bbox 493 3738 942 3803; baseline -0.007 -14"><span class='ocrx_word' id='word_1_153' title='bbox 493 3740 536 3802; x_wconf 84' lang='lat' dir='ltr'><strong>(t)</strong></span> <span class='ocrx_word' id='word_1_154' title='bbox 552 3738 687 3787; x_wconf 69' lang='lat' dir='ltr'><strong>Str-rectura</strong></span> <span class='ocrx_word' id='word_1_155' title='bbox 696 3739 835 3788; x_wconf 79' lang='lat' dir='ltr'><strong>vocabulum</strong></span> <span class='ocrx_word' id='word_1_156' title='bbox 846 3743 942 3803; x_wconf 82' lang='lat' dir='ltr'><strong>probum</strong></span> 
     </span>
     <span class='ocr_line' id='line_1_32' title="bbox 450 3820 940 3880; baseline -0.002 -16"><span class='ocrx_word' id='word_1_157' title='bbox 450 3827 492 3865; x_wconf 80' lang='lat' dir='ltr'><strong>tet·</strong></span> <span class='ocrx_word' id='word_1_158' title='bbox 510 3825 569 3865; x_wconf 78' lang='lat' dir='ltr'><strong>Item</strong></span> <span class='ocrx_word' id='word_1_159' title='bbox 589 3825 738 3864; x_wconf 76' lang='lat' dir='ltr'><strong>instructura</strong></span> <span class='ocrx_word' id='word_1_160' title='bbox 758 3821 858 3865; x_wconf 83' lang='lat' dir='ltr'><strong>babetur</strong></span> <span class='ocrx_word' id='word_1_161' title='bbox 877 3820 940 3880; x_wconf 79' lang='lat' dir='ltr'><strong>apud</strong></span> 
     </span>
    </p>
   </div>
   <div class='ocr_carea' id='block_1_9' title="bbox 642 671 1245 728">
    <p class='ocr_par' dir='ltr' id='par_1_9' title="bbox 642 671 1245 728">
     <span class='ocr_line' id='line_1_33' title="bbox 642 671 1245 728; baseline -0.007 -2"><span class='ocrx_word' id='word_1_162' title='bbox 642 671 894 728; x_wconf 65' lang='lat' dir='ltr'><strong>NYTHOGRMF!</strong></span> <span class='ocrx_word' id='word_1_163' title='bbox 920 678 957 725; x_wconf 87' lang='lat' dir='ltr'><strong>ii·</strong></span> <span class='ocrx_word' id='word_1_164' title='bbox 984 672 1245 726; x_wconf 62' lang='lat' dir='ltr'><strong>tumtunm.</strong></span> 
     </span>
    </p>
   </div>
   <div class='ocr_carea' id='block_1_10' title="bbox 974 839 1479 3556">
    <p class='ocr_par' dir='ltr' id='par_1_10' title="bbox 974 839 1479 3556">
     <span class='ocr_line' id='line_1_34' title="bbox 974 839 1465 914; baseline -0.01 -16"><span class='ocrx_word' id='word_1_165' title='bbox 974 843 1008 897; x_wconf 93' lang='lat' dir='ltr'><strong>de</strong></span> <span class='ocrx_word' id='word_1_166' title='bbox 1025 841 1084 902; x_wconf 81' lang='lat' dir='ltr'><strong>tn.</strong></span> <span class='ocrx_word' id='word_1_167' title='bbox 1103 840 1201 895; x_wconf 88' lang='lat' dir='ltr'><strong>deinde</strong></span> <span class='ocrx_word' id='word_1_168' title='bbox 1214 839 1277 894; x_wconf 82' lang='lat'>1111.</span> <span class='ocrx_word' id='word_1_169' title='bbox 1288 839 1410 910; x_wconf 69' lang='lat' dir='ltr'><strong>graditur</strong></span> <span class='ocrx_word' id='word_1_170' title='bbox 1422 859 1465 914; x_wconf 84' lang='lat' dir='ltr'><strong>pc·</strong></span> 
     </span>
     <span class='ocr_line' id='line_1_35' title="bbox 975 931 1467 1004; baseline -0.008 -17"><span class='ocrx_word' id='word_1_171' title='bbox 975 933 1071 987; x_wconf 81' lang='lat' dir='ltr'><strong>dibusr</strong></span> <span class='ocrx_word' id='word_1_172' title='bbox 1084 950 1115 986; x_wconf 90' lang='lat' dir='ltr'><strong>ea</strong></span> <span class='ocrx_word' id='word_1_173' title='bbox 1126 931 1295 990; x_wconf 86' lang='lat' dir='ltr'><strong>conditione.</strong></span> <span class='ocrx_word' id='word_1_174' title='bbox 1308 945 1340 987; x_wconf 89' lang='lat' dir='ltr'><strong>ut</strong></span> <span class='ocrx_word' id='word_1_175' title='bbox 1353 933 1401 1004; x_wconf 83' lang='lat' dir='ltr'><strong>qui</strong></span> <span class='ocrx_word' id='word_1_176' title='bbox 1412 932 1467 986; x_wconf 84' lang='lat' dir='ltr'><strong>soi-</strong></span> 
     </span>
     <span class='ocr_line' id='line_1_36' title="bbox 976 1017 1466 1093; baseline -0.014 -16"><span class='ocrx_word' id='word_1_177' title='bbox 976 1031 1050 1077; x_wconf 86' lang='lat' dir='ltr'><strong>veret</strong></span> <span class='ocrx_word' id='word_1_178' title='bbox 1061 1055 1068 1078; x_wconf 87' lang='lat'><strong>.</strong></span> <span class='ocrx_word' id='word_1_179' title='bbox 1080 1018 1131 1092; x_wconf 84' lang='lat' dir='ltr'><strong>ipsi</strong></span> <span class='ocrx_word' id='word_1_180' title='bbox 1142 1036 1243 1093; x_wconf 84' lang='lat' dir='ltr'><strong>pannas</strong></span> <span class='ocrx_word' id='word_1_181' title='bbox 1255 1017 1402 1082; x_wconf 78' lang='lat' dir='ltr'><strong>incideret3</strong></span> <span class='ocrx_word' id='word_1_182' title='bbox 1416 1017 1466 1089; x_wconf 87' lang='lat' dir='ltr'><strong>qui</strong></span> 
     </span>
     <span class='ocr_line' id='line_1_37' title="bbox 976 1106 1464 1181; baseline -0.01 -16"><span class='ocrx_word' id='word_1_183' title='bbox 976 1128 1051 1166; x_wconf 88' lang='lat' dir='ltr'><strong>non.</strong></span> <span class='ocrx_word' id='word_1_184' title='bbox 1070 1108 1159 1181; x_wconf 83' lang='lat' dir='ltr'><strong>capite</strong></span> <span class='ocrx_word' id='word_1_185' title='bbox 1182 1117 1371 1162; x_wconf 81' lang='lat' dir='ltr'><strong>truncaretur.</strong></span> <span class='ocrx_word' id='word_1_186' title='bbox 1385 1106 1464 1178; x_wconf 85' lang='lat' dir='ltr'><strong>Quod</strong></span> 
     </span>
     <span class='ocr_line' id='line_1_38' title="bbox 978 1196 1467 1270; baseline -0.008 -18"><span class='ocrx_word' id='word_1_187' title='bbox 978 1197 1098 1270; x_wconf 85' lang='lat' dir='ltr'><strong>Oedipus</strong></span> <span class='ocrx_word' id='word_1_188' title='bbox 1116 1196 1219 1250; x_wconf 83' lang='lat' dir='ltr'><strong>solvens</strong></span> <span class='ocrx_word' id='word_1_189' title='bbox 1233 1232 1241 1255; x_wconf 90' lang='lat'><strong>.</strong></span> <span class='ocrx_word' id='word_1_190' title='bbox 1262 1205 1406 1250; x_wconf 82' lang='lat' dir='ltr'><strong>monstrum</strong></span> <span class='ocrx_word' id='word_1_191' title='bbox 1419 1211 1467 1248; x_wconf 87' lang='lat' dir='ltr'><strong>oo-</strong></span> 
     </span>
     <span class='ocr_line' id='line_1_39' title="bbox 977 1280 1465 1339; baseline -0.014 0"><span class='ocrx_word' id='word_1_192' title='bbox 977 1285 1054 1339; x_wconf 85' lang='lat' dir='ltr'><strong>eidit·</strong></span> <span class='ocrx_word' id='word_1_193' title='bbox 1077 1284 1144 1338; x_wconf 90' lang='lat' dir='ltr'><strong>inde</strong></span> <span class='ocrx_word' id='word_1_194' title='bbox 1161 1283 1266 1337; x_wconf 82' lang='lat' dir='ltr'><strong>rediens</strong></span> <span class='ocrx_word' id='word_1_195' title='bbox 1286 1280 1394 1334; x_wconf 78' lang='lat' dir='ltr'><strong>Thebas</strong></span> <span class='ocrx_word' id='word_1_196' title='bbox 1417 1281 1465 1332; x_wconf 88' lang='lat' dir='ltr'><strong>io·</strong></span> 
     </span>
     <span class='ocr_line' id='line_1_40' title="bbox 978 1369 1467 1429; baseline -0.014 -2"><span class='ocrx_word' id='word_1_197' title='bbox 978 1385 1078 1429; x_wconf 87' lang='lat' dir='ltr'><strong>castam</strong></span> <span class='ocrx_word' id='word_1_198' title='bbox 1088 1384 1201 1427; x_wconf 81' lang='lat' dir='ltr'><strong>matrem</strong></span> <span class='ocrx_word' id='word_1_199' title='bbox 1212 1390 1288 1426; x_wconf 85' lang='lat' dir='ltr'><strong>suana</strong></span> <span class='ocrx_word' id='word_1_200' title='bbox 1307 1371 1406 1424; x_wconf 86' lang='lat' dir='ltr'><strong>inscius</strong></span> <span class='ocrx_word' id='word_1_201' title='bbox 1418 1369 1467 1422; x_wconf 90' lang='lat' dir='ltr'><strong>du-</strong></span> 
     </span>
     <span class='ocr_line' id='line_1_41' title="bbox 978 1460 1465 1530; baseline -0.021 -10"><span class='ocrx_word' id='word_1_202' title='bbox 978 1465 1020 1520; x_wconf 82' lang='lat' dir='ltr'><strong>ait</strong></span> <span class='ocrx_word' id='word_1_203' title='bbox 1047 1481 1158 1518; x_wconf 73' lang='lat' dir='ltr'><strong>uxorem</strong></span> <span class='ocrx_word' id='word_1_204' title='bbox 1187 1473 1243 1520; x_wconf 86' lang='lat' dir='ltr'><strong>‚et</strong></span> <span class='ocrx_word' id='word_1_205' title='bbox 1265 1460 1358 1530; x_wconf 77' lang='lat' dir='ltr'><strong>genuit</strong></span> <span class='ocrx_word' id='word_1_206' title='bbox 1383 1477 1416 1513; x_wconf 84' lang='lat' dir='ltr'><strong>ex</strong></span> <span class='ocrx_word' id='word_1_207' title='bbox 1433 1476 1465 1511; x_wconf 85' lang='lat' dir='ltr'><strong>ea</strong></span> 
     </span>
     <span class='ocr_line' id='line_1_42' title="bbox 981 1546 1469 1608; baseline -0.023 0"><span class='ocrx_word' id='word_1_208' title='bbox 981 1553 1126 1608; x_wconf 82' lang='lat' dir='ltr'><strong>Poiinicern</strong></span> <span class='ocrx_word' id='word_1_209' title='bbox 1144 1563 1172 1605; x_wconf 90' lang='lat' dir='ltr'><strong>ct</strong></span> <span class='ocrx_word' id='word_1_210' title='bbox 1185 1549 1339 1606; x_wconf 74' lang='lat' dir='ltr'><strong>Eteocleas.</strong></span> <span class='ocrx_word' id='word_1_211' title='bbox 1357 1558 1386 1601; x_wconf 91' lang='lat' dir='ltr'><strong>et</strong></span> <span class='ocrx_word' id='word_1_212' title='bbox 1402 1546 1469 1599; x_wconf 89' lang='lat' dir='ltr'><strong>duas</strong></span> 
     </span>
     <span class='ocr_line' id='line_1_43' title="bbox 983 1631 1471 1708; baseline -0.023 -14"><span class='ocrx_word' id='word_1_213' title='bbox 983 1640 1050 1694; x_wconf 82' lang='lat' dir='ltr'><strong>iiiias</strong></span> <span class='ocrx_word' id='word_1_214' title='bbox 1063 1639 1223 1708; x_wconf 78' lang='lat' dir='ltr'><strong>Antigonam</strong></span> <span class='ocrx_word' id='word_1_215' title='bbox 1234 1648 1262 1690; x_wconf 91' lang='lat' dir='ltr'><strong>et</strong></span> <span class='ocrx_word' id='word_1_216' title='bbox 1273 1636 1409 1689; x_wconf 82' lang='lat' dir='ltr'><strong>ismenem·</strong></span> <span class='ocrx_word' id='word_1_217' title='bbox 1419 1631 1471 1688; x_wconf 77' lang='lat' dir='ltr'><strong>itia</strong></span> 
     </span>
     <span class='ocr_line' id='line_1_44' title="bbox 983 1723 1470 1799; baseline -0.004 -18"><span class='ocrx_word' id='word_1_218' title='bbox 983 1730 1075 1799; x_wconf 89' lang='lat' dir='ltr'><strong>itaque</strong></span> <span class='ocrx_word' id='word_1_219' title='bbox 1090 1726 1207 1799; x_wconf 87' lang='lat' dir='ltr'><strong>quadarn</strong></span> <span class='ocrx_word' id='word_1_220' title='bbox 1225 1725 1270 1778; x_wconf 89' lang='lat' dir='ltr'><strong>die</strong></span> <span class='ocrx_word' id='word_1_221' title='bbox 1292 1741 1320 1778; x_wconf 90' lang='lat' dir='ltr'><strong>se</strong></span> <span class='ocrx_word' id='word_1_222' title='bbox 1338 1723 1470 1779; x_wconf 78' lang='lat' dir='ltr'><strong>calcians.</strong></span> 
     </span>
     <span class='ocr_line' id='line_1_45' title="bbox 981 1809 1471 1869; baseline -0.018 0"><span class='ocrx_word' id='word_1_223' title='bbox 981 1825 1065 1869; x_wconf 87' lang='lat' dir='ltr'><strong>naater</strong></span> <span class='ocrx_word' id='word_1_224' title='bbox 1085 1815 1155 1868; x_wconf 86' lang='lat' dir='ltr'><strong>vidit</strong></span> <span class='ocrx_word' id='word_1_225' title='bbox 1172 1813 1311 1868; x_wconf 79' lang='lat' dir='ltr'><strong>cicatrices</strong></span> <span class='ocrx_word' id='word_1_226' title='bbox 1332 1809 1471 1863; x_wconf 74' lang='lat' dir='ltr'><strong>iactasset</strong></span> 
     </span>
     <span class='ocr_line' id='line_1_46' title="bbox 984 1895 1473 1974; baseline -0.022 -16"><span class='ocrx_word' id='word_1_227' title='bbox 984 1921 1124 1974; x_wconf 78' lang='lat' dir='ltr'><strong>agnoscens</strong></span> <span class='ocrx_word' id='word_1_228' title='bbox 1139 1939 1147 1960; x_wconf 86' lang='lat'>‚</span> <span class='ocrx_word' id='word_1_229' title='bbox 1167 1900 1295 1970; x_wconf 79' lang='lat' dir='ltr'><strong>ingemuit</strong></span> <span class='ocrx_word' id='word_1_230' title='bbox 1312 1895 1473 1952; x_wconf 81' lang='lat' dir='ltr'><strong>miserabili-</strong></span> 
     </span>
     <span class='ocr_line' id='line_1_47' title="bbox 984 1981 1472 2055; baseline -0.023 -11"><span class='ocrx_word' id='word_1_231' title='bbox 984 2002 1031 2044; x_wconf 83' lang='lat' dir='ltr'><strong>ter.</strong></span> <span class='ocrx_word' id='word_1_232' title='bbox 1052 1989 1099 2043; x_wconf 87' lang='lat' dir='ltr'><strong>iiie</strong></span> <span class='ocrx_word' id='word_1_233' title='bbox 1116 1989 1208 2042; x_wconf 89' lang='lat' dir='ltr'><strong>dolore</strong></span> <span class='ocrx_word' id='word_1_234' title='bbox 1230 1987 1383 2055; x_wconf 76' lang='lat' dir='ltr'><strong>exagitatus</strong></span> <span class='ocrx_word' id='word_1_235' title='bbox 1404 1981 1472 2036; x_wconf 90' lang='lat' dir='ltr'><strong>sibi-</strong></span> 
     </span>
     <span class='ocr_line' id='line_1_48' title="bbox 984 2072 1472 2134; baseline -0.016 -1"><span class='ocrx_word' id='word_1_236' title='bbox 984 2089 1037 2134; x_wconf 82' lang='lat' dir='ltr'><strong>nret</strong></span> <span class='ocrx_word' id='word_1_237' title='bbox 1059 2078 1149 2132; x_wconf 86' lang='lat' dir='ltr'><strong>oculos</strong></span> <span class='ocrx_word' id='word_1_238' title='bbox 1170 2077 1267 2134; x_wconf 86' lang='lat' dir='ltr'><strong>eruit.</strong></span> <span class='ocrx_word' id='word_1_239' title='bbox 1290 2085 1318 2128; x_wconf 89' lang='lat' dir='ltr'><strong>et</strong></span> <span class='ocrx_word' id='word_1_240' title='bbox 1346 2073 1373 2126; x_wconf 91' lang='lat' dir='ltr'><strong>in</strong></span> <span class='ocrx_word' id='word_1_241' title='bbox 1392 2072 1472 2127; x_wconf 88' lang='lat' dir='ltr'><strong>doruo</strong></span> 
     </span>
     <span class='ocr_line' id='line_1_49' title="bbox 984 2157 1472 2220; baseline -0.023 0"><span class='ocrx_word' id='word_1_242' title='bbox 984 2165 1157 2220; x_wconf 85' lang='lat' dir='ltr'><strong>subterranea</strong></span> <span class='ocrx_word' id='word_1_243' title='bbox 1173 2163 1259 2218; x_wconf 86' lang='lat' dir='ltr'><strong>vitam</strong></span> <span class='ocrx_word' id='word_1_244' title='bbox 1280 2158 1387 2215; x_wconf 77' lang='lat' dir='ltr'><strong>finivit·</strong></span> <span class='ocrx_word' id='word_1_245' title='bbox 1406 2157 1472 2210; x_wconf 76' lang='lat' dir='ltr'><strong>Filii</strong></span> 
     </span>
     <span class='ocr_line' id='line_1_50' title="bbox 986 2257 1471 2326; baseline -0.006 -19"><span class='ocrx_word' id='word_1_246' title='bbox 986 2266 1075 2308; x_wconf 85' lang='lat' dir='ltr'><strong>autem</strong></span> <span class='ocrx_word' id='word_1_247' title='bbox 1104 2271 1153 2326; x_wconf 84' lang='lat' dir='ltr'><strong>pro</strong></span> <span class='ocrx_word' id='word_1_248' title='bbox 1191 2268 1271 2323; x_wconf 68' lang='lat' dir='ltr'><strong>regno</strong></span> <span class='ocrx_word' id='word_1_249' title='bbox 1297 2257 1429 2303; x_wconf 82' lang='lat' dir='ltr'><strong>certantes</strong></span> <span class='ocrx_word' id='word_1_250' title='bbox 1463 2281 1471 2304; x_wconf 75' lang='lat'>0</span> 
     </span>
     <span class='ocr_line' id='line_1_51' title="bbox 985 2335 1474 2412; baseline -0.016 -14"><span class='ocrx_word' id='word_1_251' title='bbox 985 2341 1102 2398; x_wconf 76' lang='lat' dir='ltr'><strong>Eteocles</strong></span> <span class='ocrx_word' id='word_1_252' title='bbox 1130 2341 1196 2411; x_wconf 90' lang='lat' dir='ltr'><strong>quia</strong></span> <span class='ocrx_word' id='word_1_253' title='bbox 1231 2339 1304 2412; x_wconf 81' lang='lat' dir='ltr'><strong>prior</strong></span> <span class='ocrx_word' id='word_1_254' title='bbox 1343 2374 1351 2396; x_wconf 87' lang='lat'>‚</span> <span class='ocrx_word' id='word_1_255' title='bbox 1388 2335 1474 2409; x_wconf 84' lang='lat' dir='ltr'><strong>primo</strong></span> 
     </span>
     <span class='ocr_line' id='line_1_52' title="bbox 986 2423 1473 2496; baseline -0.008 -14"><span class='ocrx_word' id='word_1_256' title='bbox 986 2446 1056 2482; x_wconf 88' lang='lat' dir='ltr'><strong>anno</strong></span> <span class='ocrx_word' id='word_1_257' title='bbox 1079 2425 1201 2496; x_wconf 76' lang='lat' dir='ltr'><strong>regnavit</strong></span> <span class='ocrx_word' id='word_1_258' title='bbox 1221 2463 1230 2478; x_wconf 91' lang='lat'><em>.</em></span> <span class='ocrx_word' id='word_1_259' title='bbox 1249 2423 1379 2480; x_wconf 83' lang='lat' dir='ltr'><strong>Poiinices</strong></span> <span class='ocrx_word' id='word_1_260' title='bbox 1410 2441 1473 2478; x_wconf 90' lang='lat' dir='ltr'><strong>vero</strong></span> 
     </span>
     <span class='ocr_line' id='line_1_53' title="bbox 985 2511 1473 2574; baseline -0.012 -2"><span class='ocrx_word' id='word_1_261' title='bbox 985 2519 1111 2574; x_wconf 75' lang='lat' dir='ltr'><strong>enniana.</strong></span> <span class='ocrx_word' id='word_1_262' title='bbox 1130 2515 1164 2568; x_wconf 89' lang='lat' dir='ltr'><strong>ad</strong></span> <span class='ocrx_word' id='word_1_263' title='bbox 1185 2513 1329 2568; x_wconf 76' lang='lat' dir='ltr'><strong>Adrastum</strong></span> <span class='ocrx_word' id='word_1_264' title='bbox 1346 2511 1473 2570; x_wconf 83' lang='lat' dir='ltr'><strong>veniens.</strong></span> 
     </span>
     <span class='ocr_line' id='line_1_54' title="bbox 986 2599 1475 2672; baseline -0.014 -14"><span class='ocrx_word' id='word_1_265' title='bbox 986 2605 1068 2659; x_wconf 82' lang='lat' dir='ltr'><strong>fliiarn</strong></span> <span class='ocrx_word' id='word_1_266' title='bbox 1086 2603 1144 2658; x_wconf 89' lang='lat' dir='ltr'><strong>eius</strong></span> <span class='ocrx_word' id='word_1_267' title='bbox 1166 2601 1274 2672; x_wconf 73' lang='lat' dir='ltr'><strong>Argiam</strong></span> <span class='ocrx_word' id='word_1_268' title='bbox 1296 2617 1404 2654; x_wconf 76' lang='lat' dir='ltr'><strong>uxorein</strong></span> <span class='ocrx_word' id='word_1_269' title='bbox 1423 2599 1475 2652; x_wconf 90' lang='lat' dir='ltr'><strong>du-</strong></span> 
     </span>
     <span class='ocr_line' id='line_1_55' title="bbox 986 2687 1475 2745; baseline -0.01 0"><span class='ocrx_word' id='word_1_270' title='bbox 986 2690 1036 2745; x_wconf 82' lang='lat' dir='ltr'><strong>xit.</strong></span> <span class='ocrx_word' id='word_1_271' title='bbox 1049 2690 1099 2745; x_wconf 82' lang='lat' dir='ltr'><strong>Sed</strong></span> <span class='ocrx_word' id='word_1_272' title='bbox 1119 2709 1179 2744; x_wconf 87' lang='lat' dir='ltr'><strong>cunr</strong></span> <span class='ocrx_word' id='word_1_273' title='bbox 1195 2689 1273 2743; x_wconf 80' lang='lat' dir='ltr'><strong>finito</strong></span> <span class='ocrx_word' id='word_1_274' title='bbox 1298 2705 1368 2741; x_wconf 84' lang='lat' dir='ltr'><strong>anno</strong></span> <span class='ocrx_word' id='word_1_275' title='bbox 1391 2687 1475 2741; x_wconf 86' lang='lat' dir='ltr'><strong>Eteo-</strong></span> 
     </span>
     <span class='ocr_line' id='line_1_56' title="bbox 987 2773 1476 2844; baseline -0.014 -12"><span class='ocrx_word' id='word_1_276' title='bbox 987 2778 1038 2832; x_wconf 88' lang='lat' dir='ltr'><strong>cies</strong></span> <span class='ocrx_word' id='word_1_277' title='bbox 1051 2777 1133 2832; x_wconf 86' lang='lat' dir='ltr'><strong>nollet</strong></span> <span class='ocrx_word' id='word_1_278' title='bbox 1148 2775 1260 2831; x_wconf 82' lang='lat' dir='ltr'><strong>reddere</strong></span> <span class='ocrx_word' id='word_1_279' title='bbox 1277 2793 1384 2844; x_wconf 78' lang='lat' dir='ltr'><strong>regnum</strong></span> <span class='ocrx_word' id='word_1_280' title='bbox 1403 2773 1476 2826; x_wconf 85' lang='lat' dir='ltr'><strong>Poli-</strong></span> 
     </span>
     <span class='ocr_line' id='line_1_57' title="bbox 988 2867 1477 2936; baseline -0.01 -16"><span class='ocrx_word' id='word_1_281' title='bbox 988 2867 1128 2936; x_wconf 84' lang='lat' dir='ltr'><strong>nici.ipse</strong></span> <span class='ocrx_word' id='word_1_282' title='bbox 1141 2883 1200 2918; x_wconf 84' lang='lat' dir='ltr'><strong>curn</strong></span> <span class='ocrx_word' id='word_1_283' title='bbox 1221 2881 1310 2919; x_wconf 85' lang='lat' dir='ltr'><strong>socero</strong></span> <span class='ocrx_word' id='word_1_284' title='bbox 1328 2879 1376 2917; x_wconf 87' lang='lat' dir='ltr'><strong>suo</strong></span> <span class='ocrx_word' id='word_1_285' title='bbox 1389 2871 1477 2916; x_wconf 83' lang='lat' dir='ltr'><strong>etscx</strong></span> 
     </span>
     <span class='ocr_line' id='line_1_58' title="bbox 989 2949 1478 3022; baseline -0.014 -14"><span class='ocrx_word' id='word_1_286' title='bbox 989 2955 1050 3009; x_wconf 85' lang='lat' dir='ltr'><strong>aliis</strong></span> <span class='ocrx_word' id='word_1_287' title='bbox 1065 2953 1179 3007; x_wconf 87' lang='lat' dir='ltr'><strong>ducibus</strong></span> <span class='ocrx_word' id='word_1_288' title='bbox 1200 2949 1389 3008; x_wconf 84' lang='lat' dir='ltr'><strong>venithebas</strong></span> <span class='ocrx_word' id='word_1_289' title='bbox 1408 2967 1478 3022; x_wconf 78' lang='lat' dir='ltr'><strong>pug-</strong></span> 
     </span>
     <span class='ocr_line' id='line_1_59' title="bbox 989 3039 1478 3112; baseline -0.014 -16"><span class='ocrx_word' id='word_1_290' title='bbox 989 3053 1100 3096; x_wconf 88' lang='lat' dir='ltr'><strong>naturus</strong></span> <span class='ocrx_word' id='word_1_291' title='bbox 1118 3058 1166 3112; x_wconf 88' lang='lat' dir='ltr'><strong>pro</strong></span> <span class='ocrx_word' id='word_1_292' title='bbox 1186 3057 1276 3109; x_wconf 75' lang='lat' dir='ltr'><strong>regno.</strong></span> <span class='ocrx_word' id='word_1_293' title='bbox 1298 3039 1393 3093; x_wconf 84' lang='lat' dir='ltr'><strong>biuitia</strong></span> <span class='ocrx_word' id='word_1_294' title='bbox 1415 3053 1478 3105; x_wconf 77' lang='lat' dir='ltr'><strong>ergo</strong></span> 
     </span>
     <span class='ocr_line' id='line_1_60' title="bbox 990 3121 1479 3200; baseline -0.016 -18"><span class='ocrx_word' id='word_1_295' title='bbox 990 3130 1125 3200; x_wconf 85' lang='lat' dir='ltr'><strong>utrimque</strong></span> <span class='ocrx_word' id='word_1_296' title='bbox 1139 3127 1251 3185; x_wconf 88' lang='lat' dir='ltr'><strong>occisis.</strong></span> <span class='ocrx_word' id='word_1_297' title='bbox 1264 3127 1358 3180; x_wconf 77' lang='lat' dir='ltr'><strong>iratres</strong></span> <span class='ocrx_word' id='word_1_298' title='bbox 1370 3121 1479 3177; x_wconf 73' lang='lat' dir='ltr'><strong>tandem</strong></span> 
     </span>
     <span class='ocr_line' id='line_1_61' title="bbox 990 3213 1479 3271; baseline -0.014 -1"><span class='ocrx_word' id='word_1_299' title='bbox 990 3217 1090 3271; x_wconf 82' lang='lat' dir='ltr'><strong>mutuis</strong></span> <span class='ocrx_word' id='word_1_300' title='bbox 1109 3215 1262 3271; x_wconf 89' lang='lat' dir='ltr'><strong>vulneribus</strong></span> <span class='ocrx_word' id='word_1_301' title='bbox 1275 3233 1303 3269; x_wconf 83' lang='lat' dir='ltr'><strong>se</strong></span> <span class='ocrx_word' id='word_1_302' title='bbox 1316 3213 1479 3268; x_wconf 86' lang='lat' dir='ltr'><strong>oeciderunt·</strong></span> 
     </span>
     <span class='ocr_line' id='line_1_62' title="bbox 993 3303 1479 3372; baseline -0.016 -12"><span class='ocrx_word' id='word_1_303' title='bbox 993 3305 1123 3360; x_wconf 78' lang='lat' dir='ltr'><strong>Adrastus</strong></span> <span class='ocrx_word' id='word_1_304' title='bbox 1146 3323 1208 3360; x_wconf 88' lang='lat' dir='ltr'><strong>vero</strong></span> <span class='ocrx_word' id='word_1_305' title='bbox 1233 3322 1302 3358; x_wconf 86' lang='lat' dir='ltr'><strong>unus</strong></span> <span class='ocrx_word' id='word_1_306' title='bbox 1323 3303 1358 3356; x_wconf 86' lang='lat' dir='ltr'><strong>do</strong></span> <span class='ocrx_word' id='word_1_307' title='bbox 1378 3311 1479 3372; x_wconf 82' lang='lat' dir='ltr'><strong>septem</strong></span> 
     </span>
     <span class='ocr_line' id='line_1_63' title="bbox 992 3392 1478 3465; baseline -0.008 -16"><span class='ocrx_word' id='word_1_308' title='bbox 992 3395 1106 3450; x_wconf 80' lang='lat' dir='ltr'><strong>ducibus</strong></span> <span class='ocrx_word' id='word_1_309' title='bbox 1122 3395 1194 3449; x_wconf 88' lang='lat' dir='ltr'><strong>solus</strong></span> <span class='ocrx_word' id='word_1_310' title='bbox 1212 3392 1295 3448; x_wconf 91' lang='lat' dir='ltr'><strong>rediit</strong></span> <span class='ocrx_word' id='word_1_311' title='bbox 1311 3393 1340 3446; x_wconf 90' lang='lat' dir='ltr'><strong>in</strong></span> <span class='ocrx_word' id='word_1_312' title='bbox 1361 3393 1478 3465; x_wconf 82' lang='lat' dir='ltr'><strong>patriam</strong></span> 
     </span>
     <span class='ocr_line' id='line_1_64' title="bbox 992 3480 1388 3556; baseline -0.028 -18"><span class='ocrx_word' id='word_1_313' title='bbox 992 3502 1067 3539; x_wconf 87' lang='lat' dir='ltr'><strong>sunm</strong></span> <span class='ocrx_word' id='word_1_314' title='bbox 1080 3483 1172 3556; x_wconf 82' lang='lat' dir='ltr'><strong>paucis</strong></span> <span class='ocrx_word' id='word_1_315' title='bbox 1186 3480 1388 3536; x_wconf 80' lang='lat' dir='ltr'><strong>comitantibus.</strong></span> 
     </span>
    </p>
   </div>
   <div class='ocr_carea' id='block_1_11' title="bbox 992 3733 1484 3880">
    <p class='ocr_par' dir='ltr' id='par_1_11' title="bbox 992 3733 1484 3880">
     <span class='ocr_line' id='line_1_65' title="bbox 994 3733 1484 3798; baseline -0.014 -10"><span class='ocrx_word' id='word_1_316' title='bbox 994 3745 1132 3787; x_wconf 70' lang='lat' dir='ltr'><strong>Frontonem</strong></span> <span class='ocrx_word' id='word_1_317' title='bbox 1141 3739 1177 3784; x_wconf 88' lang='lat' dir='ltr'><strong>ed.</strong></span> <span class='ocrx_word' id='word_1_318' title='bbox 1186 3751 1242 3785; x_wconf 84' lang='lat' dir='ltr'><strong>rent·</strong></span> <span class='ocrx_word' id='word_1_319' title='bbox 1252 3754 1274 3798; x_wconf 78' lang='lat' dir='ltr'><strong>p·</strong></span> <span class='ocrx_word' id='word_1_320' title='bbox 1283 3733 1321 3791; x_wconf 71' lang='grc'><strong>36.</strong></span> <span class='ocrx_word' id='word_1_321' title='bbox 1329 3736 1392 3796; x_wconf 78' lang='lat' dir='ltr'><strong>Quid</strong></span> <span class='ocrx_word' id='word_1_322' title='bbox 1401 3739 1426 3782; x_wconf 85' lang='lat' dir='ltr'><strong>ai</strong></span> <span class='ocrx_word' id='word_1_323' title='bbox 1442 3752 1484 3781; x_wconf 84' lang='lat' dir='ltr'><strong>ac·</strong></span> 
     </span>
     <span class='ocr_line' id='line_1_66' title="bbox 992 3809 1288 3880; baseline -0.014 -14"><span class='ocrx_word' id='word_1_324' title='bbox 992 3822 1092 3880; x_wconf 72' lang='lat' dir='ltr'><strong>cipiatur</strong></span> <span class='ocrx_word' id='word_1_325' title='bbox 1106 3818 1263 3863; x_wconf 64' lang='lat' dir='ltr'><strong>deuncem·</strong></span> <span class='ocrx_word' id='word_1_326' title='bbox 1276 3809 1288 3862; x_wconf 68' lang='grc' dir='ltr'><strong><em>ἲ</em></strong></span> 
     </span>
    </p>
   </div>
   <div class='ocr_carea' id='block_1_12' title="bbox 0 0 1854 5336">
    <p class='ocr_par' dir='ltr' id='par_1_12' title="bbox 0 0 1854 5336">
     <span class='ocr_line' id='line_1_67' title="bbox 0 0 1854 5336; baseline 0 0"><span class='ocrx_word' id='word_1_327' title='bbox 0 0 1854 5336; x_wconf 95' lang='lat' dir='ltr'><strong> </strong></span> 
     </span>
    </p>
   </div>
  </div>
 </body>
</html>
