3626 5344
546 669 558 716 l
570 668 607 716 ¹2

642 803 688 883 75·
705 805 745 860 nr
762 799 882 874 Epapho.

569 913 707 1043 Iuppiter
731 961 872 1035 Epaphum
894 957 922 1012 in
945 957 1000 1012 Ae-

533 1068 615 1130 gypto
634 1054 734 1126 oppida
751 1047 928 1105 communire.
950 1043 998 1096 lbi-

532 1163 586 1218 que
615 1161 721 1224 regnare
747 1139 835 1194 iussit·
860 1133 997 1208 Oppidum

532 1235 668 1306 Memphin
686 1243 715 1286 et
732 1230 784 1284 alia
802 1227 879 1300 plora
896 1223 997 1278 eonsti-

532 1323 599 1386 tuit.
620 1331 650 1374 et
676 1337 708 1374 ex
737 1312 891 1385 Cassiopeia
916 1325 997 1364 uxore

531 1411 648 1481 suseepit
676 1408 758 1462 filiam
783 1402 903 1472 Libyen.
930 1415 999 1470 quae

530 1510 623 1571 postea
642 1497 671 1548 in
696 1493 786 1550 Alries
806 1505 913 1558 regnum
935 1502 996 1558 poe·

531 1589 615 1643 sedit:
639 1584 715 1638 euius
737 1601 770 1634 ex
797 1578 904 1632 nomine
928 1587 998 1630 terra

531 1674 629 1744 Libyes
646 1682 687 1726 est
697 1667 842 1741 appellata:
862 1681 931 1736 quae
944 1665 997 1716 eti-

535 1780 577 1836 am
596 1762 669 1830 regni
684 1759 859 1812 hereditatem
874 1752 929 1808 filio
950 1768 999 1804 suo

532 1833 651 1920 hgenori
670 1841 788 1918 reliquit.

588 2023 632 2100 76·
651 2025 691 2079 De
717 2023 779 2077 lore
790 2031 817 2074 et
830 2013 949 2088 Europa?

569 2144 665 2260 Cum
686 2195 834 2252 Mercurius
854 2193 925 2245 iussu
949 2206 998 2261 pa-

534 2290 584 2344 tris
604 2289 633 2342 in
655 2284 801 2340 Phoenicen
822 2292 997 2346 transgressus

532 2387 615 2434 esset,
633 2386 665 2429 ut
681 2382 798 2425 armentu
818 2368 887 2422 illius
911 2366 999 2432 regio·

533 2467 575 2522 nis
594 2465 628 2517 ad
644 2465 707 2517 litus
727 2459 891 2531 compelleret
907 2474 917 2517 ι
935 2457 1000 2528 lup—

532 2553 641 2627 piterio
661 2563 766 2605 taurum
787 2563 927 2600 conversus
942 2554 998 2600 est.

534 2659 594 2694 eum
612 2658 639 2692 se
658 2635 782 2690 iumentis
797 2632 923 2700 Agenoris
935 2631 1002 2699 regis

531 2728 632 2796 Libyae
649 2726 695 2795 (r)
709 2721 910 2784 immiscuissett
930 2731 957 2773 et
973 2719 1002 2772 in

544 2832 631 2868 amore
649 2812 690 2866 sui
716 2811 862 2882 spatiantes
882 2807 908 2858 in
924 2805 1003 2858 hare·

533 2920 567 2956 ua
584 2901 699 2968 virgines
714 2898 855 2952 consistere
869 2895 1002 2962 coegisset·

533 3011 563 3045 es
584 2991 713 3065 paulatim
729 2989 846 3057 singulus
865 2985 1000 3042 alludens.

533 3082 674 3138 novissime
688 3077 815 3146 Agenoris
833 3076 914 3130 liliam
921 3075 1004 3128 Euro·

534 3191 615 3243 pam.
635 3172 662 3224 in
677 3168 761 3240 pratis
779 3164 921 3220 secundum
938 3179 1003 3215 eon-

535 3259 703 3315 suetudinem
718 3256 862 3327 puellarum
878 3251 1002 3306 lloresle·

535 3360 656 3416 gentem,
677 3343 804 3406 vitiavit3
818 3353 845 3396 et
864 3353 937 3409 tergo
949 3336 1001 3391 sibi

535 3442 695 3496 insidentem
719 3437 746 3488 in
768 3433 878 3488 imolam
896 3431 1002 3484 Cretam

535 3531 644 3594 detulit:
664 3539 690 3582 et
708 3543 741 3578 ex
752 3541 784 3578 ea
803 3533 854 3576 tres
867 3521 935 3574 illios
946 3518 1002 3572 Illi-

534 3625 610 3672 noem
620 3655 627 3677 ,
639 3613 869 3670 Rhadamanthum
880 3647 887 3667 .
897 3620 925 3663 et
935 3608 1002 3661 Aea·

534 3721 611 3762 eum.
629 3704 677 3774 qui
697 3701 759 3754 lacti
779 3710 842 3752 sunt
863 3695 935 3768 apud
959 3711 1002 3748 m·

535 3791 602 3844 leros
621 3790 739 3845 indices.
759 3785 865 3854 genuit,
887 3785 1002 3835 tertium·

467 3913 475 3932 .
536 3897 589 3949 que
604 3877 637 3931 ub
647 3876 759 3932 eaorbis
773 3887 875 3948 partem
888 3870 1002 3924 vocarit.

562 4000 601 4060 (r)
618 4005 691 4042 Immo
711 3997 785 4058 Tyr1'3
803 3997 863 4058 quod
880 4003 925 4044 im
942 4015 988 4044 m.

532 4067 570 4105 nui
588 4065 615 4106 ael
633 4063 704 4118 ruyth·
724 4065 745 4107 l.
763 4060 809 4104 lali.
828 4055 876 4111 148.

563 4121 600 4182 (2)
618 4124 693 4180 Myttr.
710 4123 733 4164 l.
752 4121 797 4165 sitit.
818 4119 866 4178 ¹i9·

561 4186 600 4247 (3)
618 4186 674 4248 llrue
690 4185 812 4244 corrigitur
832 4179 937 4229 mendosa
953 4181 998 4228 lte·

829 635 898 706 ur
899 623 1197 706 reuertentis

1068 809 1112 868 77·
1127 781 1469 859 Dedgeuureetliliiteius
1484 777 1527 854 (a)

1094 908 1228 1035 Agenor
1236 1001 1243 1022 .
1252 971 1329 1033 rapta
1339 957 1396 1012 iilia
1405 955 1511 1026 Europa
1521 991 1528 1012 .

1055 1055 1153 1112 iratres
1165 1055 1222 1108 eius
1230 1051 1340 1106 Cilieem
1353 1085 1361 1106 .
1382 1045 1527 1100 Cadmum,

1053 1145 1208 1200 Phoenieem
1219 1177 1227 1200 .
1240 1141 1275 1194 ad
1286 1137 1472 1209 requirendam
1482 1151 1528 1188 so·
1641 1161 1644 1170 ι

1054 1251 1138 1289 rorem
1150 1231 1238 1285 misit:
1252 1229 1291 1283 ita
1305 1226 1402 1282 utnisi
1419 1239 1528 1278 eamre·

1053 1321 1199 1396 perissent.
1219 1319 1253 1370 ad
1266 1335 1294 1371 se
1304 1333 1358 1370 non
1369 1323 1529 1367 reverteren-

1053 1421 1109 1464 tur.
1118 1407 1190 1462 Cilix
1201 1405 1319 1459 divertas
1336 1399 1419 1474 petiit
1436 1399 1521 1466 regio·

1052 1513 1109 1560 nem
1118 1494 1259 1550 novissime
1267 1487 1390 1545 constitit
1398 1483 1441 1558 (Ξ)
1452 1486 1479 1538 in
1486 1485 1529 1540 ci·

1053 1585 1132 1638 licia:
1158 1599 1206 1636 uec
1229 1580 1324 1632 minus
1354 1575 1473 1630 Phoenix
1501 1573 1539 1640 int

1053 1669 1171 1725 Poenice-
1186 1666 1319 1723 cadmus.
1340 1683 1396 1718 non
1420 1663 1531 1718 inventa

1052 1775 1153 1814 sorore.
1176 1753 1308 1826 Apollinis
1325 1749 1461 1806 oraculum
1480 1749 1531 1800 sci·

1053 1845 1220 1901 scitabatur,
1235 1843 1263 1894 iu
1285 1839 1384 1911 quibus
1406 1836 1528 1908 partibus

1054 1935 1198 1990 consistere
1217 1927 1334 1982 deberet·
1352 1927 1468 1997 Accepto
1480 1923 1530 1992 igt-

1055 2037 1100 2078 tut
1118 2036 1241 2092 responso
1260 2027 1293 2070 ut
1308 2031 1440 2068 raceama
1455 2029 1531 2078 grege

1053 2119 1217 2178 segregatam
1228 2141 1236 2164 ‚
1249 2119 1319 2174 quae
1332 2103 1411 2154 lunae
1427 2098 1532 2166 signum

1054 2201 1083 2254 in
1110 2199 1191 2250 lutere
1224 2191 1348 2246 haberet.
1375 2197 1480 2256 agerem
1505 2197 1533 2240 et

1059 2288 1106 2340 ubi
1124 2285 1191 2339 lessa
1211 2279 1414 2354 procubuisset.
1434 2275 1474 2328 ibi
1485 2293 1531 2326 ur-

1055 2376 1115 2430 bem
1132 2381 1262 2428 statueret
1272 2389 1281 2434 ;
1291 2386 1386 2442 pareus
1410 2382 1532 2437 praecep·

1057 2477 1094 2522 to,
1104 2465 1131 2518 in
1141 2481 1198 2517 eum
1205 2467 1308 2515 'terram
1321 2456 1429 2511 devenit
1439 2491 1447 2514 ,
1459 2471 1529 2524 quae

1056 2565 1148 2628 postea
1174 2569 1190 2604 a
1221 2549 1289 2604 bove
1320 2546 1431 2600 Boeotia
1457 2540 1531 2594 dicta

1057 2653 1106 2696 est.
1126 2641 1194 2694 Cum
1215 2647 1302 2690 nutem
1315 2633 1349 2686 nd
1370 2629 1466 2686 lllnrtis
1480 2629 1533 2682 lou·

1059 2741 1113 2782 tem
1130 2725 1214 2802 socios
1241 2731 1368 2793 aquatum
1397 2715 1532 2776 misisset3

1058 2831 1087 2874 et
1105 2819 1161 2888 ipse
1175 2815 1237 2867 illue
1256 2821 1316 2882 post
1335 2825 1379 2862 eos
1400 2805 1534 2866 venisset3

1059 2917 1092 2959 ut
1112 2903 1217 2959 vidit'a
1235 2899 1369 2952 dracone,
1389 2891 1438 2962 qui
1452 2887 1535 2944 Marti

1058 3003 1115 3048 erat
1147 2998 1335 3046 consecratus.
1352 2982 1440 3040 socios
1469 2995 1533 3030 eon-

1059 3091 1191 3152 sumptos‚
1212 3084 1358 3146 serpentem
1376 3063 1532 3122 interemit.

1058 3183 1086 3227 et
1105 3172 1195 3224 dentes
1216 3165 1273 3220 eius
1293 3151 1530 3226 seritrexqurhus

1060 3259 1248 3326 terrigenarum
1263 3245 1408 3303 multitudo
1425 3240 1533 3314 progig-

1057 3349 1145 3402 nitur,
1154 3357 1261 3414 quae-se
1272 3329 1533 3390 mutuisrulneribus

1059 3433 1192 3490 interemit
1197 3450 1207 3494 5
1216 3428 1336 3499 quinque
1347 3431 1433 3476 tamen
1446 3433 1535 3486 tuper-

1056 3521 1183 3578 stitibus.
1201 3529 1313 3586 quorum
1329 3504 1437 3562 nomina
1454 3503 1534 3553 haee:

1060 3610 1180 3666 Echion,
1192 3605 1286 3658 idaeus
1299 3635 1308 3656 .
1325 3593 1465 3650 Chronius
1495 3589 1536 3660 (A)

1060 3695 1336 3764 Pelorus,llyperenor
1347 3671 1461 3756 (5²):qui
1475 3678 1532 3732 illi-

1060 3802 1156 3842 nervae
1177 3780 1315 3834 voluntate
1332 3770 1465 3827 Cadmoet
1475 3765 1535 3817 Ant·

1061 3871 1155 3948 phioni
1166 3877 1260 3920 cnutus
1270 3859 1409 3915 dulcedine
1421 3892 1428 3914 .
1445 3865 1476 3907 ut
1487 3869 1537 3906 sua

1077 3981 1109 4022 tio
1126 3965 1287 4033 mythograplri
1304 3969 1327 4010 1.
1338 3963 1382 4009 lala.
1402 3955 1452 4014 149.

1109 4033 1148 4096 (i)
1166 4031 1241 4092 Myth·
1259 4031 1282 4071 l.
1300 4024 1440 4068 Chelarum.

1114 4093 1154 4156 (5)
1172 4091 1228 4137 Coti.
1240 4086 1374 4147 Hypereou.
1390 4087 1420 4126 At
1431 4080 1506 4137 myth.
1519 4081 1541 4122 1.

1086 4157 1234 4220 Hyperttoru
1251 4145 1356 4210 Apellod.
1368 4143 1514 4220 'stpen'wz
