3630 5334
1211 639 1275 708 305

263 829 335 874 esse
350 819 482 896 potest,
504 827 605 893 quam
627 825 714 894 quoe
736 805 858 871 virtute
883 819 918 870 et
946 804 1069 874 studiis
1097 805 1292 878 litterarum

263 928 488 1003 comparatur.
509 909 603 1000 Quid
623 927 717 976 terta
729 935 793 999 pro
803 911 963 996 fortuitis
985 909 1176 1005 relinquis?
1196 913 1289 1005 Quid

263 1017 401 1085 stabilia
418 1041 484 1106 pro
506 1011 673 1106 irfinnis?
693 1015 959 1108 Quidperpeata
968 1015 1177 1109 profluxis?
1195 1020 1289 1110 Quid

264 1122 453 1213 tranquilla
465 1146 537 1211 pro
560 1116 784 1192 turbulentis?
808 1119 872 1188 An
889 1129 1029 1214 ignoras
1055 1141 1203 1218 quantas
1230 1151 1288 1192 re·

262 1253 336 1294 rum
372 1231 603 1297 conversiones
623 1232 791 1314 flirtunae
827 1227 999 1296 mobilitas
1017 1223 1133 1317 facit?
1172 1227 1286 1320 Quam

262 1332 360 1399 multi
380 1331 544 1416 exulant,
559 1335 617 1422 qui
631 1328 945 1419 olimstoruerunt?
965 1331 1076 1423 Quam
1092 1333 1214 1402 multos
1225 1360 1287 1404 etv

262 1455 372 1506 trema
388 1457 576 1528 paupertas
593 1441 735 1531 afflugit,
748 1461 830 1528 quos
844 1438 926 1506 olim
947 1439 1066 1506 Croesi
1077 1439 1218 1508 divitiae
1232 1465 1286 1508 sa·

261 1546 350 1612 tiare
376 1567 445 1612 non
469 1539 654 1634 poterant?
696 1544 809 1634 Quam
839 1541 938 1610 multi
966 1561 1044 1632 post
1070 1563 1285 1637 comparatos

262 1649 435 1715 tltesamcs
462 1651 579 1715 statim
609 1649 784 1716 obierunt,
816 1671 956 1736 quorum
989 1647 1078 1716 bana
1106 1652 1144 1718 in
1171 1673 1286 1718 eorum

260 1777 381 1820 manus
401 1751 581 1822 devenem
603 1775 686 1844 quos
707 1753 774 1820 vivi
779 1801 790 1836 ,
803 1755 834 1818 si
839 1752 930 1842 fieri
938 1755 1120 1842 potuisset,
1132 1753 1288 1821 dentibus

259 1854 491 1929 lacerassent?
518 1857 608 1948 Quat
630 1857 783 1928 bantines
804 1872 882 1924 sunt
909 1859 1074 1939 extincti,
1105 1881 1186 1948 quos
1214 1863 1285 1948 ipse

258 1963 389 2046 vidisti,
416 1967 559 2050 novisti,
594 1962 760 2030 allocutus
785 1957 844 2031 es?
878 1962 959 2030 Non
988 1977 1124 2052 patrem
1150 1967 1286 2055 saepius

259 2069 423 2137 dicentem
448 2069 629 2137 audivisti,
658 2070 826 2134 neminem
852 2089 887 2133 se
914 2070 952 2132 in
979 2068 1061 2133 urbe
1086 2083 1204 2134 nostra
1235 2073 1291 2138 vi-

258 2173 339 2241 dere
359 2198 493 2258 eorm,
518 2177 660 2262 quasin
683 2170 912 2239 adolescentia
939 2167 1169 2262 cognovisset?
1196 2171 1289 2264 Quid

260 2281 359 2348 aliud
380 2281 574 2371 stgmficare
596 2279 753 2346 videntur
779 2281 895 2368 regiae
910 2275 993 2343 illae
1006 2275 1195 2367 lacrymae,
1214 2301 1289 2346 cum

260 2389 396 2457 Xerxes
417 2393 614 2456 immensum
636 2383 734 2454 illum
752 2387 938 2452 exercitam
958 2382 1109 2451 lustrans
1131 2383 1236 2452 oculis
1249 2385 1289 2450 il·

257 2491 465 2582 lacrymasse
477 2491 622 2574 dicitur,
633 2491 714 2580 quia
728 2505 778 2556 tot
791 2486 927 2555 milibus
940 2485 1113 2554 bominum
1128 2504 1196 2554 tam
1212 2488 1288 2555 bre·

255 2599 308 2663 vis
328 2599 519 2664 immineret
543 2617 659 2678 casus,
688 2595 755 2660 nisi
772 2591 861 2660 nibil
888 2615 959 2659 esse
983 2609 1054 2658 tam
1082 2607 1194 2658 artum
1216 2607 1288 2658 tam

258 2705 484 2769 circumcisum
507 2717 578 2768 tam
593 2699 712 2782 breve,
736 2722 837 2789 quam
860 2698 1033 2765 bominum
1057 2701 1161 2766 vitam
1183 2701 1287 2764 etiam

262 2803 518 2900 longissimam?
545 2805 637 2896 Quin
657 2810 771 2896 potita
799 2804 925 2872 relictis
951 2808 1069 2872 ceteris
1103 2804 1201 2871 rebus
1220 2807 1289 2892 su·

255 2913 398 3002 gacibus
422 2929 456 2978 et
484 2911 638 2979 caducis»
665 2909 823 3002 quicquid
839 2926 889 2976 est
904 2913 1081 2998 temporis,
1094 2909 1184 3000 quod
1198 2925 1287 2976 certa

253 3021 480 3108 perexiguum
514 3032 584 3099 est,
613 3015 662 3080 ad
682 3014 796 3082 studia
823 3012 1014 3080 litterarum
1045 3007 1209 3098 corfitrs?
1237 3013 1287 3080 Et

257 3121 394 3211 quando
422 3139 567 3212 negatur
587 3120 648 3186 diu
675 3121 801 3202 vivere,
819 3118 1008 3209 relinquere
1030 3115 1164 3208 aliquid
1185 3141 1286 3184 cona·

256 3229 324 3308 ris,
345 3225 436 3317 quod
453 3242 487 3293 te
510 3227 636 3292 vixisse
649 3217 816 3292 testetur?
840 3221 908 3288 Hic
924 3221 1025 3288 labar
1044 3238 1117 3288 tuus
1141 3245 1211 3287 esse
1229 3221 1286 3286 de·

256 3332 328 3415 bet,
342 3331 427 3398 baec
453 3333 564 3422 quies,
582 3329 645 3396 ltoc
663 3332 790 3412 ocium,
804 3327 867 3394 boc
881 3331 1075 3418 negocium,
1088 3324 1172 3392 ltaec
1191 3349 1285 3396 exer·

257 3440 374 3504 citatio
403 3439 585 3504 iuventutis
611 3452 710 3518 tuae,
733 3434 796 3501 boc
818 3437 977 3501 viaticum
1000 3435 1190 3500 senectutis.
1210 3433 1287 3500 Hoc
1332 3501 1334 3508 ,

256 3543 354 3608 modo
368 3545 495 3609 nemini
512 3565 660 3632 unquam
673 3545 849 3624 irasceris,
869 3543 998 3606 nemini
1011 3539 1193 3620 invidebis,
1208 3561 1283 3604 cum

256 3650 389 3712 nemine
410 3646 653 3731 altercaberis,
665 3651 794 3713 nemini
806 3644 1007 3729 maledices,
1021 3642 1110 3709 niltil
1127 3642 1213 3707 mali
1224 3664 1286 3707 au·

255 3751 350 3836 dies,
364 3756 530 3820 neminem
544 3756 612 3819 nisi
634 3768 666 3818 te
678 3759 787 3842 ipsum
804 3751 1048 3842 reprehendes,
1061 3773 1129 3818 non
1142 3751 1284 3833 timore,

255 3879 323 3921 non
346 3881 420 3945 spe,
437 3881 505 3923 non
518 3856 743 3924 sollicitudine
758 3855 874 3948 aliqua
890 3855 1076 3922 turbaberis
1089 3881 1099 3923 t
1112 3876 1284 3945 nunquam

253 3965 321 4029 nisi
341 3985 413 4026 cnm
430 3963 631 4028 doctissimis
650 3965 732 4029 viris
749 3961 913 4052 loqueris,
931 3977 963 4028 et
982 3959 1071 4050 qnod
1093 3963 1281 4028 maximum

985 4141 1037 4194 20
