3638 5332
526 599 593 688 ³44

502 787 615 825 errorem
637 769 709 822 dulei
737 783 886 822 sermonum
915 779 989 820 corn-

499 861 633 934 positione
643 859 765 914 docetur.
772 860 839 912 Ecce
848 857 918 912 enim
926 856 989 908 dum

502 950 573 1004 idem
591 947 719 1004 Boethius
739 947 767 1000 in
787 948 885 1016 quinto
907 943 989 998 huius

501 1039 588 1112 operis
611 1037 679 1092 libro
699 1036 767 1090 dicit
786 1034 916 1088 humente
929 1033 989 1086 eni-

501 1143 559 1180 mus
578 1125 716 1180 liberiores
726 1141 801 1182 esse.
820 1137 924 1176 necesse
935 1129 989 1176 est,

502 1231 563 1267 enm
580 1233 608 1270 sc
628 1215 656 1266 in
677 1215 772 1266 mentis
794 1210 903 1266 divinoe
927 1223 989 1278 spe·

503 1301 638 1356 culatione
651 1309 809 1354 conservant
823 1335 830 1356 .
849 1297 937 1350 minus
949 1311 990 1346 ve·

501 1408 531 1443 ro
550 1405 610 1452 cum
627 1385 784 1440 dilabuntur
808 1385 842 1436 ad
862 1398 989 1453 corporo·

503 1475 644 1544 minusque
659 1474 740 1528 etium
755 1490 814 1525 cnm
826 1471 936 1528 terrenis
952 1488 990 1523 er·

503 1561 584 1616 tubus
594 1561 771 1628 colligentur5
790 1559 851 1632 quis
868 1559 918 1612 hoc
930 1575 989 1612 eum

504 1653 538 1703 de
551 1650 675 1702 descensu
694 1648 842 1700 animarum
856 1647 885 1700 in
901 1663 989 1716 corpo

502 1757 532 1792 ro
546 1737 635 1792 dicere
656 1737 835 1804 intellegeret.
853 1734 990 1788 nisibeno

499 1825 718 1897 philosophorum
728 1835 826 1877 sectum
836 1825 911 1896 prius
921 1839 989 1876 eom·

501 1923 604 1983 persam
619 1905 751 1964 baberet?

537 1997 573 2054 23
591 2000 660 2052 Sane
681 1995 884 2068 quiasuperius
904 1997 988 2050 caele-

500 2089 581 2142 stium
592 2105 729 2158 corporum
744 2123 751 2142 .
763 2086 790 2138 id
803 2098 843 2140 cst
857 2086 988 2144 siderum.

499 2175 569 2230 vitos
581 2173 760 2246 quesdnmuel
770 2173 870 2228 animus
886 2173 930 2227 bic
944 2192 990 2226 eu·

501 2274 558 2316 ctor
567 2259 794 2318 commemoravit,
805 2279 858 2316 non
867 2273 908 2316 cst
917 2279 990 2334 prae·

503 2355 661 2410 seecundum
686 2354 758 2426 quod
778 2353 811 2406 de
839 2352 990 2424 praecipuis

501 2439 596 2494 mundi
614 2440 792 2494 luminaribus
806 2441 860 2494 sole
877 2451 904 2494 et
926 2440 989 2494 luno

503 2529 584 2582 etiam
597 2528 681 2580 nostri
690 2527 800 2597 quidam
811 2537 930 2580 auctores
938 2527 990 2581 boo

501 2625 640 2670 senserunt
659 2651 666 2672 .
685 2613 757 2684 quod
777 2614 805 2667 in
824 2631 991 2669 consumme-

503 2704 575 2758 tione
588 2701 681 2754 mundi
697 2711 833 2772 receptum
849 2702 903 2756 sint
916 2719 991 2774 prae·

502 2792 585 2844 mium
605 2788 704 2842 loboris
719 2788 776 2842 sui·
795 2787 863 2842 Nam
881 2799 991 2842 sanctus

502 2881 680 2950 Hieronymus
690 2879 718 2931 in
733 2877 802 2932 libro
814 2897 883 2932 nono
897 2877 989 2948 explo-

503 2967 621 3022 nationis
647 2966 676 3019 in
703 2966 809 3020 Esaiam
835 2965 991 3038 prophetem

501 3053 550 3106 ubi
559 3054 670 3125 exponit
680 3053 751 3107 hunc
764 3053 921 3108 versiculum
932 3051 971 3126 (r)
982 3089 990 3110 .

504 3156 523 3177 ¹⁸
534 3153 562 3198 et
584 3143 643 3196 erit
654 3142 700 3194 lux
710 3142 789 3194 lunae
802 3141 872 3197 sicut
889 3143 935 3195 lux
945 3161 991 3198 so-

503 3231 549 3286 lis:
562 3242 588 3286 et
597 3231 643 3284 lux
652 3231 714 3286 solis
723 3231 775 3284 erit
786 3231 992 3304 septempliciter

501 3322 572 3375 sicut
592 3321 639 3374 lux
658 3331 756 3391 septem
777 3320 906 3380 dierum„
922 3321 992 3376 inter

499 3423 588 3465 cetero
603 3410 642 3464 ita
653 3410 732 3462 dicit:
743 3408 795 3464 erit
810 3408 899 3463 lumen
911 3411 992 3466 lunae

503 3499 574 3552 sicut
585 3498 673 3551 lumen
681 3497 744 3550 solis
754 3497 878 3566 ‚quando
887 3495 992 3549 dederit

501 3586 632 3641 Dominus
642 3585 742 3638 coelum
753 3601 849 3636 novum
858 3594 886 3636 et
896 3594 992 3637 terrem

500 3694 597 3732 novam
605 3684 645 3732 ‚et
656 3671 909 3727 transieritbebitus
919 3691 991 3726 mun·

503 3764 531 3818 di
545 3762 645 3818 buius.
664 3770 695 3813 ut
707 3759 771 3812 luna
785 3771 813 3816 et
832 3761 872 3815 sol
891 3759 991 3816 laboris

504 3852 545 3906 sui
558 3861 684 3904 etcursus
692 3849 733 3900 sui
744 3848 889 3917 praemium
900 3865 992 3902 conse-

546 3997 583 4061 (ι)
601 4005 657 4059 cop·
666 4001 735 4044 xxx.
744 3989 779 4037 20·
793 3995 815 4039 iu
827 3992 880 4039 libri
895 3991 945 4039 ins.

893 619 929 666 nt
949 615 1129 666 rotumum

1046 776 1178 836 quantur:
1193 766 1291 820 etenim
1298 767 1449 840 expectetio
1459 783 1530 825 trer-

1046 865 1123 908 turre
1146 855 1334 912 revelationem
1349 856 1463 910 filiorum
1481 856 1531 908 Dei

1046 953 1190 1014 expectem
1209 943 1316 1012 quiret
1334 944 1392 1015 ipse
1411 953 1532 996 ereetum

1045 1027 1203 1082 liberabitur
1214 1047 1229 1080 ι
1239 1031 1369 1086 servitute
1382 1030 1533 1101 corruptio·

1046 1117 1087 1170 nis
1105 1117 1134 1170 in
1152 1115 1301 1172 libertetem
1322 1118 1435 1172 liliorum
1454 1117 1504 1171 Dei
1523 1137 1530 1169 r

1044 1204 1108 1260 licet
1122 1223 1153 1260 er
1171 1207 1281 1276 quidem
1295 1225 1393 1275 organo
1411 1207 1479 1262 lueis
1494 1206 1533 1259 in·

1045 1294 1197 1362 tellegentes
1207 1331 1214 1352 .
1226 1294 1390 1348 insensibilis
1403 1313 1459 1350 esse
1471 1313 1532 1350 con·

1045 1384 1166 1436 tendent·
1184 1386 1261 1436 Luna
1280 1401 1341 1452 ergo
1363 1384 1425 1437 solis
1446 1383 1532 1452 fulgo·

1044 1487 1098 1526 rem
1125 1473 1264 1544 accipiet.
1290 1473 1345 1526 Nec
1367 1475 1463 1526 mirum
1483 1473 1534 1528 hoe

1046 1557 1080 1612 de
1096 1558 1240 1613 clarissimo
1263 1561 1363 1614 sentire
1382 1561 1510 1615 elemento
1525 1597 1532 1619 ι

1046 1645 1090 1698 cni
1108 1648 1275 1718 principetus
1292 1649 1379 1702 noctis
1391 1661 1432 1703 est
1444 1651 1533 1704 tredi-

1045 1744 1089 1788 tus
1100 1770 1107 1791 .
1118 1753 1178 1788 cum
1192 1735 1226 1788 de
1238 1736 1338 1790 sanctis
1350 1753 1457 1806 quoque
1470 1737 1534 1790 scri·

1043 1833 1120 1894 ptum
1141 1823 1196 1882 sit,
1213 1821 1352 1890 fulgebunt
1372 1823 1439 1876 iusti
1456 1823 1533 1892 quusi

1043 1909 1101 1962 sol:
1119 1920 1148 1962 et
1164 1909 1204 1962 sol
1220 1909 1370 1981 septuplum
1383 1909 1471 1964 lumen
1486 1928 1532 1963 ec-

1043 1997 1139 2070 cipiet‚
1149 1998 1219 2051 sicut
1232 1997 1278 2051 lux
1294 2008 1395 2071 septem
1408 1999 1512 2053 dierum
1523 2038 1531 2058 .

1043 2087 1153 2157 quando
1165 2084 1200 2138 ob
1213 2085 1293 2140 initio
1312 2084 1437 2141 conditus
1454 2106 1533 2142 mun-

1042 2175 1121 2230 dus.

1080 2263 1114 2328 ul
1133 2261 1204 2316 lieec
1220 2261 1306 2315 sancti
1319 2261 1474 2332 Hieronymi
1488 2261 1534 2316 di-

1045 2361 1116 2410 cto,
1144 2349 1271 2420 quonium
1297 2347 1326 2402 in
1354 2348 1414 2402 aliis
1437 2349 1536 2404 nostr‘u

1047 2436 1205 2491 auctoribus
1230 2435 1336 2507 aliquid
1354 2435 1409 2498 tale
1428 2454 1481 2490 non
1494 2436 1535 2489 le-

1046 2527 1132 2595 gimus
1151 2563 1158 2584 ‚
1177 2537 1204 2580 et
1228 2526 1283 2597 ipse
1300 2542 1407 2596 quoque
1424 2535 1535 2580 contre-

1046 2616 1087 2668 ris
1107 2617 1236 2686 quosdam
1249 2614 1348 2670 sentire
1366 2633 1419 2669 non
1433 2615 1534 2674 tacuit.

1044 2703 1208 2757 contentiose
1235 2702 1402 2756 defendenda
1421 2721 1474 2756 uon
1489 2720 1535 2754 er-

1044 2789 1141 2844 bitror.
1160 2790 1228 2863 llum
1248 2789 1347 2842 nullam
1366 2788 1472 2860 penitus
1489 2805 1535 2840 rc·

1045 2878 1172 2934 tionslom
1181 2878 1456 2934 crerturnmrDeoin
1464 2879 1537 2950 prin·

1044 2967 1116 3038 cipio
1140 2967 1277 3022 conditam
1297 2967 1443 3022 secundum
1466 2965 1534 3020 scri·

1044 3068 1186 3132 pturarnm
1196 3057 1382 3112 auctoritorem
1399 3055 1535 3123 intellego·

1045 3157 1149 3218 praeter
1167 3145 1271 3215 angelos
1287 3154 1315 3198 et
1335 3143 1464 3198 homines·
1474 3145 1536 3198 Por·

1044 3251 1074 3287 ro
1093 3233 1134 3287 vel
1157 3232 1304 3301 angelicum
1327 3231 1368 3286 rel
1391 3231 1536 3284 humanum

1046 3319 1172 3390 spiritum
1194 3317 1237 3372 bis
1258 3315 1391 3372 sideribus
1409 3335 1465 3372 esse
1480 3335 1538 3390 per·
1615 3377 1621 3386 ¹

1046 3410 1160 3460 mixtum
1168 3417 1216 3460 sut
1224 3404 1298 3460 ineis
1305 3407 1456 3462 conversuri
1468 3425 1537 3464 ‚non

1047 3495 1155 3550 videtur
1176 3495 1284 3549 omnino
1301 3493 1441 3549 credibile·
1461 3494 1537 3548 Unde

1047 3585 1164 3638 sufficiat
1184 3581 1262 3637 nobis
1281 3581 1349 3636 seim
1371 3581 1445 3654 quod
1470 3581 1538 3634 seri-

1046 3682 1128 3744 pturo
1146 3671 1267 3742 loquitur
1283 3688 1299 3723 ι
1318 3671 1374 3724 Deo
1393 3668 1465 3724 iocte
1481 3685 1538 3723 esse

1047 3761 1101 3814 duo
1118 3777 1213 3828 mogus
1233 3757 1395 3813 luminarios
1414 3767 1539 3812 naturam

1048 3863 1111 3904 vero
1129 3846 1232 3902 illorum
1253 3845 1334 3910 eitius
1349 3843 1415 3904 selle
1433 3855 1539 3900 scrum-
