3622 5350
509 615 551 680 60
781 606 1145 678 MYTHOGRAPHUS
1169 611 1194 674 l.

609 773 667 847 169.
686 775 829 848 Sphyngls·

536 895 668 1025 sphynx
678 953 812 1024 quoddam
821 963 967 1007 monstrum

500 1039 606 1098 luerat.
624 1042 696 1111 qnod
718 1041 747 1094 in
768 1042 875 1112 scopulo
898 1039 968 1093 resi·

501 1129 565 1182 deus
588 1128 815 1200 praetereuntibus
835 1127 968 1200 problema

499 1217 663 1289 proposuit3
690 1230 717 1271 et
739 1218 885 1289 persolvere
915 1233 969 1270 non

500 1307 632 1364 valentes.
652 1304 785 1374 ungurlms
798 1317 824 1358 et
845 1304 970 1359 dentibus

501 1392 654 1448 dilaniavit.
681 1393 724 1446 Ad
752 1394 824 1464 quod
851 1391 968 1464 Oedipus

500 1479 627 1536 veniens.
651 1479 776 1534 emblema
796 1480 852 1534 cius
870 1479 970 1533 eunda-

499 1571 555 1630 rit.
574 1582 602 1625 et
622 1572 706 1643 ipsum
723 1572 832 1627 occidit.

538 1763 598 1820 ¹70·
617 1745 656 1799 De
674 1745 801 1800 Athracia
821 1767 904 1818 mago.

536 1868 707 1982 Athracias
736 1921 788 1976 luit
815 1922 967 1979 Thessaliae

500 2017 576 2076 pater
589 2018 616 2059 et
629 2008 810 2078 Hypocatiae.
827 2029 908 2080 quam
926 2013 967 2065 Pi·

499 2091 603 2146 titheus
616 2093 697 2148 duxit
719 2113 833 2148 uxorem.
854 2095 902 2148 liic
916 2098 968 2168 pri·

500 2196 557 2232 mus
570 2191 651 2233 artem
664 2182 791 2248 magicam
802 2183 966 2257 apudl'l'hra·

500 2268 556 2322 cias
575 2268 727 2323 constituit.

574 2457 630 2514 ¹7¹·
650 2441 762 2509 Lycorni
786 2445 869 2500 fluvii.

535 2557 698 2683 Lycormas
720 2618 831 2686 quidam
851 2621 966 2677 fluvius.

502 2700 549 2770 qui
578 2711 606 2753 et
636 2703 740 2756 Euenus
764 2705 865 2758 dicitur
883 2743 890 2763 ,
911 2708 972 2762 iux-

505 2798 532 2840 ta
556 2805 635 2857 quem
661 2789 758 2846 Nessus
781 2802 820 2846 est
844 2793 969 2848 inter-lec-

503 2885 546 2929 tus
561 2876 594 2928 ah
610 2877 721 2931 llercule
734 2898 788 2933 rem
802 2881 916 2948 coniugii
929 2885 970 2936 la-

503 2965 574 3018 ciens
590 2982 649 3018 cum
669 2966 793 3022 Deianira
815 2989 893 3027 uxore
907 2976 970 3028 ller-

503 3051 597 3104 culis.
632 3053 720 3122 Quare
757 3056 812 3128 ipse
848 3059 970 3117 Hercules

502 3137 637 3208 quandam
656 3143 773 3196 tunicam
792 3146 880 3202 induit
899 3169 972 3206 crue

503 3245 531 3280 re
555 3227 631 3282 Nessi
658 3233 778 3285 centauri
799 3249 969 3306 perunctam.

502 3312 573 3366 unde
593 3316 650 3385 ipse
672 3335 810 3390 perpessus
831 3335 872 3377 est
897 3327 968 3380 into·

502 3399 610 3454 lerabile
629 3402 780 3459 incendium
799 3411 922 3481 corporis.

613 3592 671 3651 ¹72.
689 3581 728 3634 Dc
747 3583 846 3638 Minoe.

539 3693 660 3808 Minos
687 3761 835 3819 cretensis.
864 3766 906 3816 eui
938 3766 971 3818 ad

504 3838 611 3906 gloriam
632 3854 660 3896 ct
687 3847 794 3902 titulum
815 3852 869 3906 sola
890 3865 970 3907 nata-

503 3927 567 3982 lium
580 3931 708 3989 sufficeret
728 3935 851 3998 claritas.
870 3941 966 3998 mentis

591 4049 630 4114 (ι)
647 4055 703 4104 coa.
724 4067 865 4117 panacen.

1020 776 1175 848 placiditate
1206 775 1323 832 meruit.
1353 785 1383 828 ut
1414 773 1487 827 illurn

1021 866 1081 937 plus
1112 864 1250 924 moribus,
1276 881 1355 937 quam
1385 864 1486 932 generis

1022 959 1197 1015 auctoritate.
1215 957 1343 1010 mirentur
1362 955 1488 1009 homines.

1021 1043 1087 1096 Fuit
1108 1045 1178 1097 eninr
1196 1059 1241 1097 rex
1260 1042 1355 1096 Cretae
1374 1043 1413 1096 ita
1431 1039 1487 1094 rita

1022 1129 1148 1188 clemens.
1170 1142 1200 1186 ut
1223 1129 1296 1200 quod
1315 1140 1356 1183 est
1378 1128 1488 1183 mirum.

1022 1215 1166 1284 gauderent
1185 1235 1243 1270 eum
1262 1217 1413 1273 dominum.
1432 1215 1489 1284 qni·

1020 1301 1069 1358 hus
1090 1303 1257 1376 imperabat.
1273 1283 1406 1359 hahuisse·
1432 1303 1487 1358 De·

1022 1391 1129 1446 functus
1141 1393 1251 1452 deinde.
1272 1403 1400 1464 quantum
1419 1407 1488 1443 man·

1022 1481 1134 1534 suetudo
1151 1494 1303 1556 mercatur.
1320 1480 1486 1551 ...tuscum

1022 1569 1075 1624 lato
1100 1571 1208 1639 quidem
1230 1571 1329 1626 honore
1359 1571 1481 1641 privatus

1022 1670 1073 1712 est.
1104 1659 1170 1710 Nam
1202 1657 1301 1713 dicitur
1333 1658 1405 1728 apud
1435 1673 1490 1708 ma·

1020 1766 1065 1802 nes
1087 1748 1120 1801 de
1138 1765 1258 1820 supremo
1276 1747 1350 1800 exitu
1372 1744 1488 1797 iudicare

1020 1836 1178 1890 mortalium.
1199 1837 1305 1889 Veteres
1319 1833 1389 1887 euim
1403 1833 1487 1887 Grac-

1020 1923 1060 1978 ci.
1079 1933 1110 1976 ut
1130 1922 1222 1993 impios
1241 1921 1409 1990 crudelesque
1428 1937 1488 1989 poc·

1021 2026 1068 2061 nas
1088 2009 1158 2080 apud
1176 2009 1272 2062 interos
1293 2009 1365 2060 luere
1380 2005 1488 2064 ,sicho-

1020 2114 1084 2150 num
1108 2114 1238 2166 quemque
1257 2096 1380 2165 adeptum
1404 2090 1489 2145 honae

1020 2186 1093 2239 vitae
1105 2184 1219 2256 praemia
1233 2191 1416 2254 postmortem
1432 2195 1489 2232 esse

1020 2274 1155 2326 dixerunt·
1183 2270 1260 2342 Quod
1291 2268 1421 2324 bonitatis
1449 2277 1489 2319 est

1020 2360 1182 2432 exemplum
1202 2356 1267 2428 quia
1286 2358 1373 2410 Minos
1391 2373 1418 2410 se
1437 2373 1490 2408 non

1020 2459 1051 2502 ut
1073 2465 1158 2514 regem
1180 2457 1227 2498 aut
1250 2453 1418 2510 tyrannum,
1442 2439 1489 2493 sed

1021 2545 1156 2604 tamquam
1177 2549 1258 2584 unum
1281 2527 1362 2597 gessit
1382 2527 1415 2581 de
1437 2527 1491 2599 plc-

1021 2622 1069 2676 hc:
1088 2638 1158 2692 quae
1177 2619 1233 2674 laus
1251 2633 1352 2671 summa
1370 2625 1418 2670 est·

1112 2793 1170 2870 ¹73·
1190 2795 1228 2848 Dc
1246 2789 1417 2847 Centaurica.

1060 2914 1264 3027 Centaurica.
1282 2983 1363 3036 quam
1385 2963 1491 3017 Orestes

1025 3059 1058 3111 de
1077 3058 1185 3126 Scythia
1205 3054 1357 3112 transtulit.
1376 3053 1491 3106 humano

1023 3145 1149 3213 sanguine
1176 3143 1276 3215 placari
1308 3150 1490 3196 consueverat.

1025 3231 1109 3286 Cuius
1123 3249 1182 3282 cum
1194 3227 1381 3284 simulachrum
1397 3227 1425 3280 iu
1438 3227 1492 3276 La·

1023 3317 1125 3370 cuniam
1147 3318 1262 3370 delatum
1273 3325 1354 3373 esset,
1374 3331 1407 3368 ne
1418 3312 1491 3382 quod

1023 3405 1156 3478 piaculum
1182 3413 1332 3456 nasceretur
1358 3399 1492 3453 intermis-

1024 3497 1099 3551 sione
1112 3491 1184 3548 soliti
1198 3489 1336 3545 sacrificii.
1354 3505 1420 3542 neve
1434 3504 1492 3539 cru·

1024 3581 1130 3635 delitati
1143 3577 1269 3632 Graeciae
1292 3574 1405 3648 populus
1427 3573 1492 3628 ohe-

1025 3669 1115 3731 diret3
1145 3666 1281 3720 inventum
1303 3673 1346 3716 est
1368 3672 1399 3714 nt
1422 3659 1491 3714 inter

1025 3776 1052 3812 se
1076 3755 1224 3828 impuberes
1251 3752 1327 3824 pueri
1348 3750 1381 3804 de
1406 3749 1491 3803 susti·

1024 3847 1120 3904 nendis
1130 3843 1283 3900 verberibus
1294 3839 1490 3896 contenderent.

1021 3955 1051 3992 ac
1069 3953 1097 3991 sc
1123 3935 1150 3988 in
1168 3932 1217 3986 hac
1239 3928 1370 4004 patientia
1382 3925 1492 3998 (rlprc-
