3630 5338
650 635 708 701 DE
733 633 973 701 lllEllCUlllO.

300 809 384 862 nullos
393 809 463 861 enirn
474 807 641 878 philosophos
651 806 698 858 diu
707 825 785 876 quse·

299 898 380 950 situm
398 907 463 952 est.
489 894 555 965 quid
581 896 615 946 de
634 893 711 946 nobis
727 893 785 948 sit.

297 987 373 1054 qnod
390 985 485 1038 inferos
504 994 599 1056 petat·
618 983 683 1034 llam
699 981 785 1034 tribus

299 1072 431 1127 hominem
450 1084 570 1126 constare
591 1070 784 1133 tradiderunts

300 1163 406 1220 animo,
426 1180 494 1232 quse
513 1177 626 1230 superno
644 1169 684 1212 est
705 1170 733 1212 et
750 1159 784 1210 ed

297 1250 426 1319 originem
446 1267 519 1302 suum
539 1246 679 1299 revertitur
698 1265 707 1307 ς
727 1261 786 1296 cer·

299 1358 362 1410 pore
377 1337 470 1408 ‚quod
486 1343 513 1389 in
524 1347 593 1388 terra
609 1333 716 1398 delicit5
730 1351 785 1386 um·

298 1425 367 1484 bra,
387 1443 468 1495 qnam
487 1427 623 1478 Lucretius
641 1424 784 1492 spoliatum

299 1515 399 1568 lumine
417 1521 502 1567 cerem
519 1513 619 1566 delinit·
640 1515 706 1576 Ergo
725 1529 785 1561 urn-

298 1601 347 1654 brn
360 1638 368 1659 ,
380 1602 524 1671 inquiunt,
541 1602 610 1653 sicut
625 1619 657 1652 es
677 1615 784 1668 corpure

299 1700 402 1741 creatur
412 1688 484 1745 ‚sine
497 1685 580 1740 dubio
593 1688 663 1758 perit
672 1705 729 1738 enin
738 1702 783 1738 ee!

298 1793 346 1828 nce
369 1776 440 1828 enim
462 1775 604 1844 quicquum
623 1774 655 1824 de
681 1772 785 1826 bomine

300 1862 431 1931 reliquum
449 1897 456 1918 .
476 1861 548 1931 qued
572 1859 667 1912 inleres
686 1870 785 1931 petat.

298 1948 505 2018 Deprehendisse
519 1959 606 2000 tumen
628 1965 658 2001 sc
679 1946 785 1999 taudem

301 2037 597 2104 dixere‚essequedd.tru
608 2035 784 2096 simulacrum,

300 2129 372 2198 qued
391 2129 425 2180 nd
445 2131 528 2181 nostri
544 2127 659 2196 corporis
673 2129 783 2192 effigiem

300 2221 390 2270 lictum
410 2219 443 2270 ed
458 2217 554 2270 inlesos
573 2218 714 2284 demigret:
728 2237 784 2271 esse

300 2319 386 2367 nutem
404 2308 515 2377 speciem
535 2323 700 2374 corporeum,
715 2327 784 2376 quae

300 2397 372 2464 tangi
385 2415 436 2448 nou
456 2395 633 2466 possit.sicut
653 2413 698 2448 nec
718 2415 783 2448 ven-

300 2497 352 2538 tus.
364 2487 431 2538 lliuc
449 2498 487 2538 est
502 2506 508 2536 r
527 2505 639 2555 ‹turpior-u
659 2489 717 2536 νίνα
733 2505 784 2535 ue-

290 2575 342 2644 Jirs
356 2576 446 2644 stigio
462 2585 570 2624 vectore
584 2576 695 2623 enniun.
712 2573 786 2625 llauc

300 2672 387 2712 cutem
402 2679 454 2714 rem
467 2658 545 2712 etiam
556 2660 682 2712 Homerus
698 2659 786 2730 inqui·

301 2753 357 2806 rit.
376 2750 515 2803 simulacro
534 2749 652 2802 llerenlis
663 2749 733 2820 upnd
747 2753 786 2800 in-

300 2837 367 2892 leros
387 2839 451 2890 viso·
470 2837 539 2888 llaec
558 2838 627 2889 cuim
645 2835 784 2889 simulacra

299 2926 379 2978 etiem
390 2943 479 2978 eorum
491 2944 545 2977 csse
559 2924 721 2981 dictasunt,
738 2925 784 2992 qni

300 3031 346 3082 per
361 3012 512 3083 apotheosin
524 3011 563 3062 dii
574 3011 636 3064 lecti
647 3022 709 3065 sunt
718 3031 723 3060 ι
733 3029 784 3062 un·

302 3098 336 3150 de
350 3109 501 3166 omnesaut
517 3098 567 3151 visi
580 3115 636 3150 esse
655 3098 726 3167 npnd
747 3097 785 3150 in·

302 3184 369 3238 leros
383 3197 430 3239 urit
444 3185 506 3236 illue
516 3185 679 3237 descendisse
690 3185 784 3260 dicuu-

301 3283 353 3324 tur.
373 3273 499 3326 Horatius
521 3271 684 3324 delibero:
704 3285 730 3324 te
750 3274 786 3322 vi·

302 3361 345 3412 dit
359 3367 454 3415 insons
475 3365 608 3415 Cerberus
627 3380 712 3413 uitreo
732 3380 789 3414 cor·-

300 3469 339 3502 nu
357 3449 494 3500 decorum·
506 3449 539 3498 t't
557 3445 629 3517 apud
645 3445 786 3512 Virgilium

300 3541 386 3592 Ceron
397 3558 403 3590 τ
414 3555 535 3589 necuere
544 3535 664 3588 Alciden
675 3555 714 3588 me
728 3555 786 3587 snm

299 3628 422 3678 laetetur
434 3627 693 3693 euntem-neccpr'ssr
705 3625 788 3680 lucu.

298 3735 347 3768 nec
364 3716 465 3770 Thesea
480 3713 703 3786 Pirithoumque,
715 3713 787 3765 -rliir

298 3824 464 3877 quamquem
474 3805 582 3876 genitor
593 3814 645 3855 etc.
661 3801 786 3854 Abntun-

301 3903 345 3943 tur
358 3901 442 3942 tumen
459 3897 569 3959 politae,
588 3899 615 3941 ct
629 3889 734 3940 conlnse
748 3889 787 3940 si-

299 3982 442 4035 mulacrum
459 3979 498 4032 vel
518 3979 634 4034 urnbrutu
653 3993 762 4052 ponunt.

1233 638 1297 726 edp

878 824 917 859 rr·
937 805 1013 874 ered
1034 825 1094 861 vero
1120 811 1147 861 in
1169 813 1250 865 sacris
1268 831 1325 866 nru-

841 895 924 962 ginis,
943 913 1011 964 qnuc
1033 897 1162 952 Didonem
1182 901 1325 967 Virgilius,

842 992 873 1034 ut
891 981 1004 1037 Aeneam
1021 991 1069 1038 suo
1088 986 1204 1042 irretiret
1222 1007 1325 1047 amore.

841 1069 947 1124 inducit
958 1072 1114 1131 facientem,
1133 1077 1186 1128 nit:
1200 1091 1227 1129 et
1243 1082 1327 1132 matri

838 1170 1001 1227 praereptus
1018 1179 1117 1225 amem
1135 1162 1252 1220 attinio
1271 1177 1327 1220 tre-

838 1243 880 1295 xit
892 1279 900 1300 ‚
919 1246 967 1314 qni
983 1245 1009 1298 in
1022 1249 1137 1301 naturali
1147 1249 1259 1304 historic
1269 1254 1328 1324 pul-

838 1327 875 1380 los
884 1333 993 1402 equinos
1003 1335 1029 1387 iu
1039 1335 1126 1392 lroute
1134 1357 1235 1394 curnem
1243 1360 1329 1412 quan·

839 1419 899 1471 deni
913 1421 1010 1476 bebere
1020 1425 1105 1484 dicit.
1120 1446 1199 1496 quem
1212 1432 1251 1484 eis
1265 1450 1325 1487 mox

839 1508 910 1560 nutis
930 1510 1025 1566 adimit
1038 1525 1137 1584 ureter3
1150 1534 1229 1586 qnam
1240 1519 1327 1589 siquis

839 1591 907 1648 torte
925 1600 1101 1672 praeripuerit
1123 1641 1130 1661 ,
1150 1607 1251 1675 pullum
1269 1611 1328 1663 odit

839 1698 866 1740 et
884 1685 924 1738 loc
942 1689 966 1740 ei
986 1689 1105 1759 denegat·
1117 1693 1193 1747 Unde
1212 1691 1327 1752 lucend-

840 1773 892 1826 lis:
912 1779 959 1826 cur'
975 1788 1059 1829 totum
1079 1785 1192 1834 tremuli
1199 1785 1325 1856 suentem

843 1861 976 1914 Caesonia
998 1868 1075 1934 pulli
1092 1867 1211 1920 incidit·
1232 1875 1328 1928 lllerite

840 1958 927 2000 utitem
938 1951 1105 2021 suspieentur
1120 1973 1230 2008 umorem
1242 1962 1328 2011 creari

839 2055 873 2087 es
892 2053 994 2093 corne.
1022 2039 1080 2092 sine
1099 2055 1255 2110 qunmntcr
1275 2065 1328 2098 non

839 2125 888 2178 ulit
907 2145 937 2179 ex
958 2145 985 2179 se
1003 2139 1134 2180 ereetum.
1155 2131 1251 2185 Obitus
1270 2153 1326 2186 eum

837 2213 956 2266 dilliciles
974 2215 1008 2268 ub
1027 2217 1075 2268 bne
1094 2237 1197 2289 possein
1224 2223 1325 2280 retert.

840 2303 902 2370 quio
912 2302 966 2355 vitu
978 2305 1002 2355 ei
1017 2305 1176 2374 superfuisse
1186 2308 1327 2368 videntur,

839 2405 907 2455 spine
920 2407 981 2440 cusu
995 2425 1001 2446 ‚
1013 2411 1063 2443 nnn
1075 2403 1122 2444 unt
1140 2395 1195 2448 luto
1214 2408 1261 2449 unt
1283 2415 1325 2449 ns·

840 2487 916 2533 turn.
937 2478 1097 2532 moriebatur
1107 2503 1116 2546 3
1133 2483 1204 2552 quod
1223 2496 1251 2538 et
1272 2487 1327 2556 ipsc

839 2568 966 2637 supponit
987 2588 993 2618 r
1018 2588 1079 2620 nem
1104 2573 1171 2643 puio
1193 2591 1243 2624 uec
1258 2575 1324 2644 ⁹sete

838 2657 937 2708 merita
953 2675 1003 2708 uec
1012 2670 1097 2709 mente
1108 2661 1215 2728 perilot
1227 2697 1233 2717 ‚
1247 2660 1273 2712 id
1286 2673 1327 2716 eut

841 2744 966 2799 neturnli.
977 2745 1042 2798 lude
1053 2758 1080 2800 et
1091 2747 1186 2800 iridem
1197 2751 1223 2801 ei
1235 2761 1262 2802 nt
1274 2769 1327 2806 me·

840 2829 864 2880 ri
886 2835 994 2900 pessit,
1017 2835 1114 2886 crinem
1137 2836 1201 2890 lucit
1220 2838 1327 2892 abscin-

841 2914 903 2967 dere
914 2934 923 2980 5
943 2917 1096 2987 Euripidem
1118 2921 1258 2981 inritatus.
1278 2927 1326 2995 qui

841 3005 999 3057 Mercurium
1020 3007 1111 3062 itidem
1130 3029 1228 3064 comem
1247 3015 1325 3067 illec-

800 3086 806 3098 “
840 3089 876 3141 sti
896 3101 1024 3141 securitenr
1042 3127 1049 3147 ,
1067 3099 1132 3161 qnia
1158 3095 1213 3148 fate
1238 3102 1326 3154 munti

841 3178 967 3249 peribat,
989 3180 1108 3234 inducit.
1129 3183 1187 3235 uisi
1199 3185 1268 3238 eninr
1288 3189 1328 3240 vel

840 3269 937 3320 Percue
956 3271 1044 3326 lilurn,
1061 3271 1087 3323 iu
1101 3283 1154 3341 qtro
1168 3274 1224 3325 vite
1240 3275 1326 3328 lierni-

840 3354 881 3406 nis
896 3355 1040 3425 pendebat,
1052 3358 1184 3428 rupissent
1195 3361 1252 3422 3vel
1264 3363 1329 3413 Pro-

840 3441 943 3510 serpina
956 3462 1048 3495 nornen
1064 3445 1121 3498 eius
1133 3447 1159 3498 in
1171 3459 1244 3517 peste
1255 3450 1328 3517 apud

842 3529 936 3584 inseres
955 3543 1070 3584 notasset
1087 3569 1093 3588 .
1112 3536 1153 3586 vel
1171 3536 1268 3588 crinein
1291 3537 1336 3591 de'

842 3617 929 3687 cupite
948 3618 1102 3674 abscidisset
1120 3657 1126 3678 .
1146 3625 1185 3676 vel
1205 3625 1329 3678 Eumeni·

842 3708 887 3762 eles
897 3727 956 3762 eum
970 3712 1090 3783 luniperle
1100 3733 1147 3767 sue
1158 3716 1330 3771 lustrassent·

842 3797 913 3872 mori¹
927 3799 988 3867 qriis
1005 3819 1056 3853 uon
1074 3820 1148 3872 posse
1165 3801 1304 3855 dicebatur·
1321 3839 1327 3852 .

843 3889 892 3940 Sed
913 3899 939 3939 ct
957 3889 1055 3959 lepidus
1074 3891 1189 3942 omniurn
1208 3892 1234 3944 in
1260 3912 1339 3946 irrue.

839 3981 909 4052 apud
929 3981 1028 4036 inlesos
1055 3982 1153 4036 vers-ori
1169 3989 1184 4045 ς’
1197 3993 1223 4036 et
1250 3985 1327 4040 cuius
