3622 5350
705 581 829 649 LIBER
853 582 896 648 11.
1239 589 1276 654 61

302 758 439 804 vocarent:
458 758 484 802 et
506 765 584 820 super
608 763 679 800 aram
698 747 765 800 Dia·

299 856 349 890 nne
375 836 491 907 impositi
512 836 618 906 flagellis
641 833 764 891 verbera·

299 927 397 980 bantur
419 924 541 986 tamdiu,
557 925 640 978 donec
663 941 695 977 err
712 923 765 977 bu·

301 1032 379 1068 mano
401 1031 507 1086 corpore
529 1013 637 1081 sanguis
659 1013 766 1067 flueret.

301 1103 348 1172 qai
369 1103 454 1156 instar
474 1099 599 1155 sacrificii
618 1110 696 1154 esset.

323 1276 382 1348 ¹74·
401 1273 544 1330 Atalantae
562 1285 589 1330 et
608 1269 744 1341 Meieagri.

339 1392 511 1508 Atalante.
530 1447 597 1501 iasii
613 1446 680 1514 regis
703 1445 770 1503 iiiia,

302 1539 404 1608 fugiens
422 1536 559 1590 cuiusdam
579 1532 767 1589 concubitum,

303 1627 331 1678 in
350 1622 470 1678 venando
511 1621 582 1676 iacta
614 1633 654 1676 est
684 1635 769 1672 eomes

302 1714 412 1766 Dianae·
435 1709 458 1764 A
486 1710 618 1778 Meleagro
643 1727 688 1780 per
715 1707 768 1760 vim

302 1795 447 1871 compressa
464 1817 575 1870 puerum
593 1796 701 1853 edidit.
720 1813 768 1848 cu·

305 1890 345 1942 ius
363 1899 535 1959 conceptum,
553 1888 618 1956 quia
646 1885 693 1937 diu
718 1880 769 1937 sub

304 1976 459 2044 virginitate
484 1975 597 2030 celavit,
623 1969 769 2026 Partheno-

304 2080 380 2132 peum
396 2060 512 2115 vocavit.

318 2234 374 2311 175·
395 2235 482 2306 Quare
501 2234 620 2290 columba
639 2235 736 2290 dilecta

461 2323 497 2376 sit
516 2323 620 2377 Veneri·

340 2441 489 2568 Legimus
515 2499 673 2570 Cupidinem
697 2497 773 2552 deum

306 2599 333 2642 ct
347 2589 473 2642 Venerem
487 2605 565 2640 causa
585 2587 730 2658 voluptatis
747 2589 774 2640 in

307 2677 433 2746 quosdam
465 2677 582 2730 nitentes
616 2675 773 2728 descendere

309 2783 428 2836 campos.
441 2764 593 2832 lascivaque
607 2763 774 2818 contentione

308 2863 425 2908 certare.
443 2851 503 2920 quis
527 2868 616 2902 eurum
641 2849 700 2919 plus
726 2851 775 2901 flo-

310 2960 369 2995 rum
395 2940 535 3007 colligeret·
561 2941 649 3010 Quare
670 2938 776 3010 Cupido

308 3031 450 3087 velocitate
479 3029 602 3080 advectus
630 3047 776 3099 pennarum

309 3117 393 3184 magis
418 3113 561 3182 acquisisse
589 3113 697 3168 dicitur.
726 3117 776 3169 Sed

308 3207 439 3263 Peristera
457 3203 573 3274 nympha
587 3205 717 3273 quaedam
735 3225 775 3260 su-

307 3296 367 3348 bito
390 3308 528 3344 accurrens
548 3289 698 3344 adiuvando
722 3292 776 3346 Ve-

309 3399 413 3437 nerem,
426 3377 622 3446 eoliigendoque
637 3379 777 3435 flores‚Ve-

310 3485 397 3523 nerem
410 3464 584 3537 potentiorem
596 3462 730 3534 Cupidine
742 3465 778 3518 ie·

309 3559 354 3610 cit·
382 3554 458 3606 Unde
481 3551 585 3622 Cupido
604 3551 667 3605 deus
687 3553 777 3622 indig-

310 3654 387 3697 natus
402 3678 410 3699 .
428 3639 481 3694 sibi
500 3639 597 3708 gloriae
618 3641 703 3710 patrna
727 3641 776 3694 ab·

311 3733 390 3788 lata.
422 3730 503 3799 ipsam
524 3727 667 3798 nympham
690 3742 779 3784 muta-

312 3822 351 3875 rit
375 3821 402 3871 in
415 3815 575 3872 columbam:
594 3834 677 3886 quare
700 3820 779 3872 etiam

311 3925 402 3974 graece
425 3907 561 3980 nepaerrpoi
585 3905 694 3956 dicitur.
714 3907 777 3958 Pro·

824 747 886 801 inde
904 745 1025 801 coiumba
1039 749 1067 800 in
1087 750 1170 804 tutela
1182 749 1291 806 Veneris

823 852 879 889 esse
899 834 1006 887 dicitur.

901 952 960 1030 176·
980 954 1049 1008 iovis
1067 964 1093 1007 et
1111 954 1221 1010 Iunonia

983 1050 1010 1094 et
1029 1040 1151 1094 Videani.

860 1125 997 1254 Iuppiter
1017 1193 1044 1238 et
1066 1184 1134 1240 luno
1152 1184 1292 1240 voluerunt

826 1271 949 1325 intimare
967 1289 1041 1325 suam
1060 1271 1246 1339 divinitatem
1265 1287 1292 1329 et

824 1374 970 1431 genuerunt
996 1367 1154 1437 παραδόξως.
1173 1367 1291 1438 luppiter

827 1449 860 1502 de
878 1467 927 1504 sua
942 1448 1025 1504 barba
1043 1453 1205 1510 Minervam.
1224 1454 1292 1510 Iuno

827 1537 860 1592 de
881 1555 930 1592 suo
950 1539 1045 1594 femore
1063 1541 1210 1596 Vulcanum
1229 1563 1292 1616 pro-

825 1625 927 1693 genuit.
957 1627 983 1680 Is
1015 1626 1156 1683 deformior
1184 1627 1293 1686 taetus,

827 1711 940 1780 ideoque
974 1714 1167 1786 praecipitatus
1202 1727 1242 1770 est
1278 1735 1294 1768 a

827 1801 906 1853 cacio-
925 1799 975 1852 Sed
993 1799 1162 1854 miseratione
1174 1802 1294 1858 Plutonis

826 1887 1040 1959 praepositusest
1061 1888 1226 1962 cyclopibus‚
1245 1892 1294 1963 qui

827 1974 930 2029 iaciunt
945 1975 1001 2030 iovi
1015 1975 1132 2029 iiuroina.
1151 1977 1237 2032 Cutux
1256 1991 1296 2034 ta·

826 2081 886 2117 men
904 2061 1057 2133 permansit.
1077 2063 1143 2116 Cum
1162 2077 1250 2122 autem
1270 2085 1296 2118 a·

828 2152 982 2209 delevisset.
1002 2169 1060 2203 curn
1080 2152 1189 2206 consilio
1207 2154 1297 2209 Pluto·

828 2241 871 2294 nis
899 2239 962 2293 iecit
995 2239 1084 2292 sellam
1112 2258 1236 2301 auream.
1264 2254 1294 2298 ut

831 2337 919 2398 posset
939 2345 1077 2396 agnoscere
1101 2337 1253 2400 parentem:
1269 2328 1297 2382 in

831 2430 884 2482 qua
903 2413 995 2467 sedens
1014 2416 1080 2468 iuno
1107 2414 1196 2478 risit3
1226 2415 1298 2470 unde

832 2501 953 2570 cognorit
966 2517 1041 2554 suam
1053 2512 1162 2555 matrem
1176 2519 1241 2558 esse.
1256 2501 1296 2574 (r)

889 2693 946 2752 ¹77·
964 2676 1003 2730 De
1021 2673 1117 2748 templo
1136 2675 1254 2730 Iunonia.

868 2795 1033 2922 Templum
1057 2849 1165 2904 lunonis
1184 2848 1251 2909 tuit.
1272 2852 1299 2904 in

833 2958 887 3010 quo
907 2956 1022 2992 mensam
1040 2936 1175 2996 Hercules.
1195 2949 1222 2992 et
1240 2936 1299 2990 Dia·

833 3047 866 3079 na
884 3027 979 3078 lectum
997 3022 1112 3087 babuit;
1140 3023 1188 3076 ubi
1207 3037 1300 3096 porta-

832 3114 930 3168 bantur
945 3112 1035 3185 pueri‚
1054 3124 1085 3168 ut
1104 3115 1136 3166 dc
1156 3114 1213 3183 ipsa
1232 3130 1299 3166 men·

833 3217 861 3252 sa
881 3200 1004 3256 ederent.
1021 3210 1048 3253 et
1068 3199 1130 3251 iude
1153 3199 1301 3271 acciperent

832 3285 1030 3339 fortitudinem:
1056 3295 1083 3339 et
1100 3287 1129 3338 in
1148 3285 1215 3360 lecto
1233 3285 1299 3338 Dia-

834 3393 882 3430 nae
900 3375 1061 3434 dorrrrirent.
1080 3387 1111 3429 ut
1128 3375 1250 3430 omnibus
1269 3393 1300 3428 a·

833 3465 941 3519 mobiles
956 3467 1065 3522 fierent,
1092 3475 1119 3519 et
1147 3466 1250 3520 iliorum
1263 3484 1302 3535 gc«

835 3552 936 3606 neratio
954 3561 1133 3605 succresceret.

878 3671 949 3746 ,¹78.
969 3672 1057 3740 Stygis
1075 3681 1103 3726 et
1121 3669 1266 3724 Victoriae.

875 3760 966 3884 Styx
984 3815 1059 3886 palus
1079 3828 1118 3870 est
1131 3815 1260 3886 quaedam
1279 3834 1306 3867 a·

834 3905 889 3975 pud
910 3902 1005 3956 interos
1029 3941 1035 3960 ,
1055 3903 1087 3956 de
1120 3923 1174 3974 qua
1197 3904 1306 3974 legimus

377 4025 416 4089 (r)
436 4031 523 4076 Puita:
538 4035 615 4085 incipe
630 4041 707 4084 parve
723 4043 786 4087 puer·
804 4035 854 4074 risu
872 4041 1009 4084 cogitoscerc
1026 4034 1137 4077 matrem.
