3638 5332
488 641 563 744 398
818 665 906 716 oens
929 663 1115 714 omnmo

456 829 509 903 oia
533 853 607 901 non
632 825 760 912 babet,
787 823 937 922 stagnele
961 881 970 912 ,
996 822 1195 910 marinum,
1222 837 1257 894 et
1283 821 1472 896 fluminale.

457 941 553 1016 Haeo
580 967 663 1016 cum
689 941 786 1014 lndis
812 959 847 1014 et
872 940 1023 1016 barbaris
1049 939 1185 1038 negotia
1212 939 1299 1037 gerit
1330 971 1340 1015 ι
1370 941 1477 1016 medi

458 1090 498 1136 ca
521 1065 566 1162 (a)
588 1078 740 1135 aromata
759 1079 794 1134 et
812 1061 960 1135 diversas
984 1059 1114 1160 species
1133 1060 1295 1160 pretiosas
1315 1061 1477 1134 omnibus

454 1183 653 1282 regionibus
671 1183 786 1256 mittit„
799 1179 871 1255 Sed
893 1199 928 1254 et
947 1182 984 1254 in
1003 1182 1071 1256 boc
1092 1181 1189 1256 valde
1208 1181 1380 1256 laudanda
1399 1197 1475 1272 est,

454 1306 549 1406 qnod
576 1303 672 1378 omni
698 1303 831 1376 mundo
857 1303 928 1376 sola
960 1301 1092 1376 chartas
1116 1305 1167 1402 (ι)
1189 1302 1314 1376 emittit
1336 1332 1346 1396 ;
1372 1329 1478 1402 quain

454 1427 605 1527 speciem
629 1425 710 1498 licet
729 1425 832 1497 vilem
852 1425 911 1497 sed
933 1424 1035 1496 nimis
1055 1423 1176 1496 utilem
1196 1439 1231 1496 et
1250 1424 1477 1496 necessariam

454 1549 491 1620 in
510 1545 608 1620 nulla
627 1544 801 1644 provincia
822 1601 831 1632 ‚
852 1543 919 1615 nisi
939 1558 1077 1616 tantum
1095 1542 1187 1642 apud
1208 1541 1477 1630 Alexandrian,

455 1665 610 1740 invenies
634 1662 835 1737 habundare
858 1691 868 1756 ;
888 1661 962 1733 sine
989 1689 1059 1760 qua
1083 1661 1199 1734 nullae
1227 1689 1348 1734 causae
1370 1717 1380 1750 ,
1400 1660 1478 1734 nul-

453 1790 485 1862 le
510 1801 656 1887 possunt
675 1782 810 1882 impleri
828 1781 976 1879 negotia.
997 1779 1098 1854 Hanc
1118 1781 1223 1879 igitur
1243 1782 1404 1855 universo
1424 1807 1476 1854 or·

451 1910 488 1982 bi
513 1907 736 1993 ministrans,
756 1901 947 2003 plurimum
966 1900 1121 1976 utilitatis
1141 1917 1310 2002 praestare
1330 1901 1475 1974 videtur.

453 2026 565 2103 Cuius
590 2023 781 2100 adiacentia
801 2019 884 2094 Nilo
904 2021 1037 2119 rigante
1058 2022 1210 2122 copiosas
1230 2023 1382 2098 asserunt
1402 2021 1474 2094 iru-

451 2177 509 2248 ges
533 2205 543 2238 ‚
569 2147 631 2220 ubi
657 2171 728 2218 una
754 2168 916 2216 mensura
942 2143 1141 2216 centenario
1167 2143 1285 2218 fructu
1310 2139 1474 2242 multipli-

451 2283 527 2338 cata
545 2260 762 2364 respondet:
786 2257 882 2332 unde
906 2255 1225 2360 Constantinopolis
1246 2257 1413 2336 Thraciae
1440 2275 1476 2332 et

450 2384 563 2458 omnis
582 2383 696 2455 oriens
716 2393 914 2480 pascuntur.
930 2378 1025 2453 Nam
1042 2379 1081 2454 in
1100 2378 1159 2454 ille
1177 2379 1312 2454 civitate
1332 2395 1471 2480 propter

449 2503 570 2606 populi
588 2503 780 2576 libertatem
801 2525 884 2572 cnm
903 2499 1025 2574 timore
1047 2515 1082 2574 et
1100 2516 1249 2575 tremore
1269 2499 1400 2574 iudices
1420 2527 1475 2574 res

450 2641 698 2700 oonoooersas
708 2625 903 2695 rectissime
914 2621 1102 2722 desveiwtt:
1114 2620 1269 2721 quisquis
1281 2621 1376 2693 enim
1388 2619 1477 2694 iudi-

449 2771 531 2818 cum
547 2743 677 2816 ibidem
697 2769 717 2814 e
734 2740 863 2813 iustitie
875 2740 1213 2844 deflecu'tmotione
1232 2741 1352 2841 populi
1363 2743 1475 2829 lacn,

448 2881 509 2938 aut
528 2863 601 2961 igni
620 2878 681 2934 aut
701 2859 872 2961 lapidibus
891 2875 1053 2937 raecoth
1071 2859 1135 2934 Est
1153 2889 1235 2960 ergo
1253 2861 1292 2934 in
1312 2861 1473 2935 omnibus

449 2999 485 3057 et
510 2983 627 3056 civitas
653 2997 688 3054 et
714 2981 813 3078 regio,
835 2979 1150 3081 inreprehensibilis
1174 3039 1183 3070 ‚
1209 2981 1419 3083 pbilosophis
1438 2996 1473 3056 et

449 3101 592 3177 medicis
611 3099 955 3178 habundantem
973 3128 1055 3176 vero
1075 3101 1171 3176 valde
1192 3117 1396 3202 temperatos
1415 3103 1473 3176 ba·

450 3225 518 3298 bet.
538 3219 634 3297 Haec
661 3222 704 3294 de
730 3221 905 3322 praedicta
930 3221 1070 3319 regione
1096 3221 1219 3296 dixisse
1245 3221 1403 3298 sufficiat

530 3370 578 3418 υ
605 3343 739 3417 lterum
763 3371 784 3417 a
802 3343 930 3418 dextris
951 3341 1070 3442 Syriae
1090 3369 1194 3442 supra
1211 3341 1366 3417 invenies
1385 3338 1473 3416 Ara-

450 3463 544 3537 biem
569 3519 579 3552 ,
606 3463 706 3536 ouius
732 3479 783 3535 est
808 3463 956 3536 maxima
976 3461 1092 3536 civitas
1111 3457 1233 3534 Bostra
1255 3518 1266 3550 ,
1292 3489 1381 3562 quae
1400 3485 1471 3534 ma·

447 3583 539 3657 xima
564 3583 703 3682 negotia
728 3582 853 3656 bebere
879 3581 1007 3657 dicitur
1035 3638 1045 3674 ,
1071 3580 1264 3684 propinqua
1291 3579 1406 3656 Persia
1436 3596 1472 3653 et

513 3798 551 3864 (a)
568 3803 624 3850 cod.
634 3808 718 3844 neme
735 3818 776 3860 pro
792 3802 894 3846 mesen

525 3991 571 4060 (t)
591 3989 621 4043 ld
633 4001 674 4044 est
683 4009 802 4062 papyros
818 4027 825 4046 .
846 4005 912 4060 quas
931 4005 1023 4060 reapse
1036 3987 1266 4044 ebertaenomine
1277 3983 1449 4058 appellabant

454 4088 567 4132 reteres-
960 4109 962 4119 ι
