3630 5334
535 681 602 771 δή
877 701 1154 754 nosrarr

555 883 606 938 10
630 854 738 938 Sunt
760 870 903 935 autem
928 870 1064 964 partes
1082 848 1400 937 constitutiones
1419 879 1566 936 causae

492 963 694 1103 generalis
714 962 794 1048 hoc
810 963 951 1048 modo.
974 963 1019 1048 si
1042 965 1154 1049 enim
1173 964 1308 1050 omnis
1334 993 1454 1051 causa
1473 992 1570 1048 con·

491 1077 702 1166 recmralis
732 1096 870 1184 esset,
902 1103 980 1161 nec
1003 1077 1108 1163 alius
1127 1097 1256 1162 status
1286 1077 1566 1173 inveniretur,

493 1224 581 1278 non
611 1212 719 1276 esset
732 1209 865 1275 status
881 1189 1169 1274 coniecturalis
1187 1217 1333 1275 causae
1347 1220 1439 1304 pars
1457 1248 1471 1294 ,
1491 1189 1569 1274 sed

493 1307 584 1420 ipsa
614 1331 736 1388 causa
767 1324 874 1388 esset
904 1304 993 1387 sine
1022 1300 1156 1387 dubio
1188 1303 1456 1388 coniectura.
1483 1302 1568 1388 Sed

496 1417 698 1536 quoniam
737 1413 893 1527 partim
926 1415 1208 1510 coniectura,
1250 1419 1404 1529 partim
1441 1414 1566 1521 sine,

494 1528 650 1646 partim
670 1525 872 1644 qualitate
895 1587 909 1632 ,
929 1528 1081 1641 partim
1098 1527 1397 1632 translatione,
1419 1557 1568 1620 causae,

496 1671 642 1727 omnes
676 1660 896 1744 tenentur,
914 1669 1009 1753 pars
1040 1659 1103 1725 est
1124 1641 1366 1726 constitutio
1392 1669 1567 1745 causae,

495 1786 582 1840 non
619 1757 706 1840 eius
801 1783 869 1837 am
900 1750 1082 1836 tenendo
1109 1750 1339 1856 informat,
1374 1752 1449 1838 sed
1476 1754 1562 1840 eius

497 1896 627 1988 quam
664 1783 817 1954 dividit
847 1865 1046 1983 generalis
1068 1904 1080 1968 ς
1104 1865 1221 1950 cuius
1254 1865 1410 1970 scilicet
1447 1871 1565 1984 quasi

495 1963 740 2066 membrum
772 1977 945 2114 aliquod
966 1975 1181 2064 abscidens
1202 2009 1329 2064 suum
1350 1980 1449 2063 facit
1468 2011 1567 2064 una·

497 2124 695 2211 quaeque
732 2093 1008 2180 constituti0.
1040 2091 1149 2176 Sunt
1186 2093 1314 2205 igitur
1346 2113 1483 2205 partes
1518 2117 1566 2180 ut

497 2208 655 2339 species
692 2233 839 2292 causae
873 2205 1191 2290 constitutiones
1225 2205 1451 2320 generalis,
1482 2236 1566 2292 non

497 2350 587 2405 ems
626 2350 758 2437 quam
798 2311 1082 2436 'unaquaeque
1128 2337 1272 2404 tenens
1311 2316 1567 2404 informave-

503 2433 571 2516 rit.
630 2509 636 2516 .

562 2573 606 2627 tt
634 2545 776 2654 Quare
790 2565 853 2630 est
872 2571 1000 2660 genus
1018 2545 1246 2630 rhetoricae
1266 2542 1454 2630 facultas.
1462 2545 1566 2632 Rhe·

501 2657 656 2741 toricae
682 2687 781 2743 vero
804 2657 960 2769 species
976 2677 1085 2760 tres3
1118 2657 1180 2774 (1)
1206 2656 1451 2762 iudicialis,
1483 2659 1567 2743 de·-

499 2771 770 2856 monstrativa
796 2829 811 2876 ,
837 2768 1120 2854 deliberativa.
1144 2771 1318 2855 Materia
1344 2792 1482 2856 autem
1510 2775 1566 2855 ci·

499 2879 593 2965 vilis
616 2884 835 2998 quaestio,
855 2912 964 3001 qnae
996 2881 1150 2969 dicitur
1170 2913 1303 2969 causa·
1328 2883 1467 2970 Partes
1493 2886 1569 2969 hu·

500 2993 565 3076 ius
596 2995 793 3081 materiae
824 2994 1170 3081 constitutiones.
1195 2997 1438 3082 Rhetoricae
1463 3029 1565 3112 par-

499 3127 587 3212 tes,
618 3111 840 3213 inventio,
867 3107 1086 3221 dispositio
1112 3169 1126 3214 ,
1161 3109 1377 3213 elocutio,
1399 3139 1567 3196 memo-

498 3220 588 3326 ria,
617 3224 738 3306 actio.
764 3223 1094 3308 Instrumentum
1115 3281 1129 3325 ,
1148 3225 1292 3308 oratio.
1316 3225 1564 3308 instrumen-

497 3332 531 3416 ti
557 3355 694 3448 partes
717 3392 730 3439 ,
754 3335 1000 3437 exordium,
1020 3337 1199 3420 narratio
1221 3395 1235 3440 ,
1254 3337 1424 3449 partitio
1441 3394 1455 3441 ,
1471 3366 1565 3420 con·

495 3439 704 3542 firmatio,
736 3449 999 3562 reprehensio
1022 3506 1036 3551 ,
1056 3451 1274 3560 peroratio.
1304 3449 1471 3562 Opera,
1492 3449 1564 3534 do·

498 3587 591 3644 cere
627 3584 667 3645 et
699 3591 881 3652 movere·
914 3560 1042 3645 Actor
1061 3618 1076 3665 ,
1096 3585 1249 3646 orator·
1269 3561 1469 3647 Officium
1490 3562 1564 3646 hu·

498 3669 561 3756 ius
589 3673 697 3759 hene
725 3671 876 3758 dicere·
897 3673 1011 3759 Finis
1043 3693 1134 3760 tum
1155 3675 1263 3762 bene
1294 3673 1442 3762 dixisse
1471 3696 1562 3761 tum

503 3784 750 3897 persuadere
781 3811 857 3872 est.

571 4039 611 4112 (ι)
631 4041 676 4094 Fit
691 4041 821 4114 epilogus.
837 4043 929 4098 hecale
947 4054 1034 4098 autem
1051 4046 1079 4097 ff.
1092 4063 1117 4100 2.
