3630 5334
534 632 596 703 ²7²

508 779 575 834 ratio
592 788 632 830 est
649 793 695 828 cnr
713 776 801 830 omniu
825 786 939 828 monstra
960 774 993 826 il-

733 605 1097 679 MYTHOGHAPHUS
1120 609 1313 680 TERTIUS

1025 773 1117 840 ‚ettae
1136 775 1202 844 regis
1222 773 1348 831 Airicue.
1369 773 1475 827 boetem
1492 773 1535 826 be·

508 869 534 922 lu
553 867 646 922 vicisse
669 866 781 918 dicatur·
796 866 862 918 llam
878 873 905 917 et
925 835 997 931 qdod
1053 860 1169 915 buerunt
1187 864 1214 914 iu
1232 881 1285 933 quo
1303 872 1377 915 mant
1403 861 1471 913 mala
1490 879 1538 911 en·

505 961 615 1013 traxisse
634 957 667 1010 ab
684 955 778 1010 inieris
793 954 933 1010 Cerberum
952 953 997 1006 di-

510 1049 596 1102 eitnr‚
609 1047 675 1097 baec
688 1044 758 1097 ratio
769 1055 808 1096 est
820 1041 892 1112 quod
907 1059 996 1095 omues

505 1133 667 1204 cupiditates
682 1143 710 1184 ct
733 1142 828 1183 cuncta
852 1131 920 1183 vitiu
940 1141 993 1182 ter·

505 1240 567 1273 rene
586 1221 744 1290 contempsit
757 1231 784 1271 et
800 1218 912 1270 domnit-
926 1217 994 1268 Nem

505 1309 633 1362 Cerberus
651 1319 720 1361 terre
738 1318 802 1364 est.
826 1305 852 1358 id
870 1317 909 1360 est
927 1325 994 1358 con·

505 1398 634 1466 ssrmptrix
645 1393 760 1448 omnium
771 1409 907 1464 corporum
919 1414 927 1455 i
940 1411 991 1444 un·

506 1483 540 1534 de
557 1493 584 1534 et
602 1480 731 1534 Cerberus
746 1481 834 1533 dictes
855 1491 896 1532 est
914 1480 991 1548 qirasl

505 1571 635 1646 κριοβόρος
655 1589 746 1624 cernes
768 1587 890 1623 vorens.
917 1569 990 1621 idem

504 1671 531 1714 et
551 1661 661 1728 lryrlram
681 1657 819 1710 exnstiooc
839 1655 990 1708 interiecit·

505 1749 569 1804 Fuit
580 1757 668 1798 autem
679 1744 766 1816 hydra
785 1742 928 1794 secondum
949 1723 989 1792 la*-

502 1837 593 1891 bulum
610 1851 715 1905 serpens
735 1833 761 1883 in
774 1833 857 1884 lerna
876 1831 989 1898 Argivo-

503 1941 561 1976 rum
578 1921 693 1993 palude.
712 1919 753 1970 eui
771 1936 822 1969 mm
841 1933 916 1968 caeso
935 1917 988 1968 triu

503 2011 591 2082 capitu
607 2005 800 2061 excrescebant.
811 2005 891 2055 lmmn
901 2015 926 2054 rt
941 2022 988 2054 es-

489 2111 572 2150 'cetra
596 2113 611 2148 u
635 2095 737 2148 butinis
759 2091 830 2144 dicta
853 2101 911 2143 est.
938 2091 988 2144 Set

503 2193 606 2239 constet
629 2183 744 2254 Hydram
761 2180 845 2232 leuem
861 2179 943 2230 lusisse
960 2195 989 2230 e-

500 2286 648 2330 vomentem
662 2289 745 2342 uquas
759 2270 873 2321 vicinum
884 2277 990 2320 rosten-

502 2373 541 2416 tes
555 2363 705 2416 civitatem.
726 2359 825 2427 inquio
845 2373 897 2407 uno
917 2372 988 2404 tuea-

503 2457 533 2502 t'u
551 2449 639 2502 clauso
658 2484 665 2505 .
686 2446 760 2498 multi
784 2443 957 2514 erumpebant
977 2479 985 2494 .

502 2537 578 2606 Quod
593 2535 714 2586 Hercules
729 2533 820 2585 videns
832 2568 838 2588 .
851 2532 908 2584 loca
921 2529 988 2580 insil-

501 2637 529 2679 ιιι
549 2626 577 2678 in
601 2623 714 2674 circuita
737 2621 839 2674 exussit
863 2655 870 2676 .
898 2629 925 2671 et
948 2619 984 2671 sie

501 2729 586 2780 sqrrae
603 2709 698 2762 clausit
720 2719 829 2759 meatus.
843 2705 908 2757 b'nm
927 2704 982 2771 lly-

501 2801 548 2852 ‹lra
568 2797 601 2848 ab
625 2797 686 2869 ὕδωρ
707 2795 734 2847 id
753 2805 793 2847 est
812 2809 880 2861 oque
911 2791 984 2842 dieta

501 2901 551 2944 est.
566 2889 685 2941 Potuisse
699 2885 748 2937 boe
764 2893 850 2934 uelem
861 2879 916 2932 lieri
929 2879 985 2930 Vir·

501 2979 580 3044 gilius
601 2974 722 3040 indicet,
740 2969 787 3022 ubi
806 2971 888 3022 dicit:
908 2985 986 3018 eteo-

499 3073 602 3140 qnitnr·
623 3068 736 3120 vitium.
754 3075 840 3134 neptae
864 3059 984 3112 exsudat

500 3157 613 3208 r'nntilis
637 3153 742 3204 inurerer·
772 3147 881 3200 Acheloi
904 3145 986 3198 etium

500 3245 609 3296 alterum
629 3256 710 3294 cornu
730 3236 856 3302 fregisse.
875 3245 902 3286 et
921 3231 984 3283 leae·

501 3345 558 3388 tum
580 3331 679 3402 Copiae
699 3327 834 3380 dedicasse
860 3323 985 3382 diciter;

500 3421 565 3491 quie
584 3453 591 3475 ,
611 3427 643 3470 ιιι
662 3417 766 3471 uisset.
793 3413 904 3464 alterum
928 3408 986 3460 eiras

500 3513 619 3565 alveum.
634 3507 709 3558 cuius
726 3505 877 3574 eruptiones
892 3501 986 3552 immo·

499 3599 574 3650 dieue
592 3613 666 3662 agros
684 3591 849 3646 obruelnmt.
867 3589 986 3641 exsicca-

498 3687 539 3739 m
560 3671 724 3748 ternumque
743 3676 873 3730 artemis.

541 3765 569 3824 5·
590 3767 641 3820 Sed
662 3777 689 3817 et
714 3763 872 3834 Hesperides
904 3759 985 3812 lertnr

498 3859 622 3931 spoliasse
640 3891 649 3914 ‚
668 3852 816 3924 dequibus
834 3853 897 3904 bueo
921 3852 985 3902 date

499 3962 537 4006 est
560 3947 657 4002 labda.
671 3943 826 4018 Hesperides
841 3975 848 4001 s
866 3941 984 3996 Atlantis

1054 969 1097 1006 rea
1110 955 1207 1007 Veneri
1218 963 1383 1019 consecratas
1393 970 1463 1022 quae
1475 952 1539 1004 Her·

1054 1043 1123 1096 cules
1137 1043 1233 1098 missus
1250 1042 1284 1094 eb
1294 1041 1457 1110 Eurystheo.
1467 1041 1538 1094 occi-

1050 1151 1080 1187 so
1100 1133 1221 1204 pervigili
1243 1132 1357 1184 dracoue
1378 1165 1386 1185 .
1406 1129 1537 1182 sustulit.

1050 1221 1148 1275 Revera
1160 1233 1246 1274 autem
1261 1221 1335 1274 iuxta
1349 1220 1467 1272 Servium
1488 1237 1536 1270 uo·

1049 1307 1115 1361 biles
1136 1309 1243 1361 luerunt
1266 1307 1368 1379 puellae
1390 1343 1398 1364 .
1421 1321 1534 1376 quornm

1047 1415 1137 1468 greges
1151 1398 1240 1464 abegit
1251 1393 1374 1450 llereules
1383 1433 1390 1454 ‚
1399 1397 1485 1449 occiso
1496 1412 1536 1446 eo·

1047 1503 1104 1536 rum
1124 1485 1232 1538 custode
1252 1503 1261 1547 3
1278 1483 1348 1536 uude
1372 1483 1440 1534 mala
1458 1481 1536 1545 fiori-

1047 1581 1091 1626 tur
1110 1571 1248 1626 sustulisse
1266 1591 1277 1634 5
1297 1587 1356 1623 uam
1382 1586 1442 1624 uses
1461 1569 1533 1642 psile

1045 1659 1188 1712 dicuutur:
1203 1659 1270 1727 q'uin
1288 1660 1368 1712 etiam
1385 1660 1532 1732 μηλαιόμος

1048 1745 1149 1798 dieitur
1177 1757 1269 1814 pastor
1291 1745 1403 1798 orium·
1427 1747 1465 1800 De
1487 1746 1535 1800 buc

1046 1843 1133 1885 tumen
1157 1836 1281 1901 figmento
1305 1835 1429 1888 subtilius
1451 1835 1535 1888 sentit

1044 1921 1218 1988 Fulgentius.
1239 1923 1358 1990 Quatnur
1378 1923 1449 1976 euim
1470 1959 1477 1980 .
1496 1923 1535 1976 eit

1045 2009 1203 2080 Hesperides
1214 1996 1340 2062 dicuutur
1349 2011 1441 2076 ,Aegle
1452 2009 1534 2064 ‚lles-

1044 2097 1114 2168 peris
1127 2130 1134 2152 .
1146 2097 1255 2150 Medum
1268 2109 1309 2154 ‚et
1321 2097 1435 2150 l'betnsa
1443 2117 1452 2161 5
1464 2115 1531 2168 quus

1044 2206 1091 2240 nus
1106 2188 1186 2240 latine
1203 2186 1341 2241 studium.
1353 2187 1533 2244 intellectum.

1044 2277 1193 2329 memoriam
1212 2311 1219 2331 .
1239 2285 1269 2328 et
1286 2273 1437 2327 laesmdiam
1461 2275 1532 2328 dici-

1041 2385 1105 2418 mus·
1118 2366 1157 2418 lte
1170 2365 1263 2416 burum
1283 2363 1359 2416 berte
1379 2382 1459 2416 aurea
1478 2383 1531 2416 ma·

1042 2453 1067 2505 lu
1086 2451 1155 2505 tollit
1173 2450 1318 2506 Hercules,
1335 2450 1400 2520 quia
1420 2441 1464 2522 pier
1484 2451 1532 2504 lias

1042 2539 1076 2592 ad
1097 2537 1290 2609 philosophiam
1303 2549 1461 2607 pervenitur.
1473 2539 1531 2590 l’ri-

1041 2643 1110 2677 mum
1127 2643 1239 2693 namquo
1250 2637 1289 2678 est
1304 2625 1410 2678 studere
1423 2660 1430 2681 ‚
1441 2642 1530 2676 secuu-

1041 2713 1105 2764 dum
1124 2711 1286 2778 intelligere.
1307 2713 1414 2764 tertium
1432 2728 1531 2762 memo-

1039 2799 1093 2850 rari
1112 2793 1185 2870 quod
1205 2799 1381 2856 intellexeris.
1403 2809 1527 2870 quartum

1039 2887 1152 2942 dicendo
1170 2905 1263 2940 ornare
1280 2887 1353 2957 quod
1370 2888 1528 2942 memineris.

1043 2979 1111 3030 Sane
1138 2977 1172 3028 de
1201 2971 1351 3028 nominibus
1380 2977 1529 3046 appositum

1039 3064 1191 3133 scrupulum
1199 3063 1288 3116 lectori
1299 3063 1471 3114 intererimus.
1482 3063 1531 3113 Eu·

1042 3149 1177 3220 rystlreum
1192 3167 1276 3215 regem
1300 3149 1445 3201 invenimus
1467 3145 1531 3198 luis·

1039 3259 1066 3293 se
1083 3238 1228 3291 Graeciae.
1249 3237 1332 3290 Persei
1348 3255 1463 3302 generis.
1483 3237 1531 3305 qrrl

1042 3327 1152 3380 lunonis
1167 3327 1295 3380 instinctu
1308 3324 1453 3396 imperabat
1462 3323 1529 3376 Her-

1039 3414 1092 3467 enli
1113 3426 1144 3467 ut
1163 3414 1236 3468 varia
1251 3402 1367 3466 monstrt
1378 3420 1530 3483 superaret.

1040 3501 1140 3572 quibes
1157 3511 1244 3570 posset
1261 3501 1361 3570 perire:
1384 3501 1452 3552 uude
1467 3515 1530 3552 ¹enm

1041 3590 1135 3642 merim
1153 3589 1247 3640 derum
1260 3587 1373 3658 appellat
1387 3585 1528 3653 Virgilius.

1040 3676 1087 3746 qni
1103 3675 1227 3728 videlicet
1240 3675 1326 3746 potuit
1347 3673 1380 3724 ad
1400 3671 1529 3742 conpleu-

1041 3761 1103 3814 ‹lnm
1123 3763 1212 3815 odium
1231 3761 1365 3814 nevereele
1383 3760 1499 3810 sufficere
1519 3791 1526 3805 .

1041 3855 1162 3908 Atlantas·
1177 3870 1237 3906 vero
1252 3863 1303 3904 tres
1315 3850 1395 3904 luisse
1406 3849 1527 3916 legimus:

1042 3961 1121 3996 uuum
1140 3957 1259 3996 nauium
1276 3939 1322 4012 qui
1338 3951 1365 3995 et
1379 3936 1526 3998 maximnss
