3646 5342
1209 313 1229 352 θ

512 591 555 658 ιι
777 541 1145 660 urnnoonlruus
1169 589 1196 657 1.

501 779 547 822 tur
563 767 667 826 leones.
682 777 713 822 ut
730 765 886 822 ostendatur
912 784 969 820 nra·
1026 769 1118 822 offerre
1132 778 1243 822 mustus
1264 777 1323 822 est·
1349 764 1400 820 Sed
1430 784 1490 820 eum

502 867 606 910 ternant
633 855 759 927 pietaten
784 864 871 909 toturn
892 869 967 924 posse
1024 857 1107 912 seille
1124 857 1213 912 relato
1232 856 1321 928 capite
1339 857 1489 910 sacrificans

501 960 635 1014 superare.
651 942 716 996 Ideo
729 938 894 1010 Corybantes
906 938 963 992 elus
1023 947 1319 1002 convertisset.llcntes
1327 945 1491 1018 qnidamac-

501 1027 616 1086 ministri
626 1067 634 1090 ι
646 1042 674 1084 et
687 1047 747 1084 curn
758 1029 861 1090 strictis
870 1025 967 1094 altdlss
1024 1035 1095 1106 oepit
1106 1033 1285 1088 simulacrum.
1304 1034 1490 1089 Undellliner-

502 1133 559 1172 ease
578 1119 733 1185 linguntur·
751 1127 783 1170 ut
802 1115 966 1184 significetur
1023 1141 1072 1176 vae
1083 1122 1212 1176 sacrificia
1222 1139 1276 1175 non
1286 1120 1352 1174 iulis
1360 1137 1422 1190 gens
1438 1119 1491 1173 ha·

501 1223 591 1260 omnes
600 1223 649 1278 pro
666 1215 736 1259 terro
750 1221 799 1257 sua
810 1202 905 1256 debere
913 1219 967 1272 pu·
1022 1207 1100 1268 buia.
1111 1209 1159 1262 sed
1169 1209 1315 1263 Neutarunr
1327 1205 1379 1280 (a).
1396 1209 1491 1278 Quam·

502 1311 592 1363 mre.
621 1293 699 1364 Quod
726 1303 813 1346 eutem
845 1291 968 1345 turritam
1024 1313 1106 1366 quarn
1125 1296 1171 1350 alii
1193 1297 1302 1353 dicant,
1320 1295 1490 1349 simulacrum

502 1378 968 1448 goeutcoronsmmsteutlitauper·
1025 1383 1076 1438 hoc
1108 1401 1124 1436 ι
1150 1383 1275 1438 Troianis
1306 1381 1492 1437 absconditum

505 1467 607 1537 positas
631 1478 716 1521 terrae
744 1483 801 1521 esse
819 1465 968 1524 ciriutcs.
1025 1469 1106 1525 luisse
1134 1471 1204 1525 intra
1228 1483 1378 1526 extructum
1399 1471 1492 1545 parie-

503 1571 571 1624 quas
597 1553 737 1622 insignitas
757 1549 877 1608 turribus
905 1568 970 1606 con·
1028 1567 1081 1610 tem
1112 1595 1119 1616 .
1148 1569 1289 1629 postquam
1331 1566 1493 1627 sanaverant

503 1651 568 1694 stat.
1028 1643 1136 1698 Troiam
1154 1659 1209 1697 esse
1226 1643 1382 1715 perituram.
1411 1643 1491 1713 Quod

1026 1741 1118 1802 postea
1134 1729 1203 1784 bello
1217 1729 1404 1784 mithridatico
1426 1729 1494 1782 dici-

645 1819 814 1892 lo-llclcni.
1027 1829 1072 1870 tur
1093 1815 1212 1870 Fimbria
1231 1816 1343 1887 quidam
1369 1833 1493 1870 romanus

1026 1903 1164 1958 inventurn
1180 1903 1344 1964 vindicasse,
1362 1901 1493 1974 quodllo·

576 1939 721 2052 Helenus
745 1993 816 2066 apud
839 1989 966 2046 Arisbam
1025 2009 1094 2045 ιιιιιιι
1109 2003 1214 2046 constat
1232 1991 1380 2046 advectum.
1388 1992 1425 2044 Et
1433 2007 1492 2042 cunr

505 2097 628 2158 eaptus·
646 2084 756 2138 Graecis
773 2081 848 2139 luit.
874 2092 902 2135 et
925 2079 970 2132 in·
1026 2096 1178 2152 responseun
1206 2079 1300 2134 luisset
1323 2079 1378 2132 illic
1408 2079 1494 2150 irnpe-

504 2173 608 2228 dioavit
628 2181 735 2227 coactus
757 2169 813 2224 lata
842 2167 968 2225 troiana.
1026 2169 1096 2222 rium
1109 2167 1182 2227 lore,
1212 2167 1258 2220 ubi
1278 2179 1306 2222 et
1325 2166 1493 2240 palladium.

504 2258 650 2332 inquibus
671 2260 753 2313 etiem
780 2258 814 2311 dc
837 2255 965 2329 palladio·
1026 2257 1152 2313 adhibito
1165 2256 1397 2318 Mamuriolabro.
1410 2258 1494 2312 nrulta

503 2349 582 2405 Unde
600 2349 725 2403 dicituro
743 2347 844 2417 Pyrrho
856 2346 968 2400 meruis-
1025 2345 1124 2398 similia
1136 2344 1206 2398 lacta
1220 2355 1295 2399 sunt.
1303 2344 1494 2412 Verumtamen

504 2457 534 2494 se
552 2456 653 2506 regna,
680 2437 809 2507 quoniam
829 2437 970 2508 praedixe-
1027 2433 1162 2499 cognitum
1190 2431 1282 2485 hasac
1306 2431 1493 2504 oculorumque

504 2535 547 2579 ret
564 2521 665 2593 Pyrrho
683 2534 716 2577 ut
735 2541 780 2595 por
797 2534 894 2576 terram
926 2541 971 2578 re-
1027 2517 1168 2572 nobilitatc
1191 2529 1232 2572 est
1257 2517 1292 2571 ab
1308 2529 1362 2573 ona
1390 2529 1495 2574 tanturn

428 2667 433 2678 ,
504 2613 588 2670 diret.
607 2609 699 2664 dicens
732 2611 816 2666 omnis
838 2613 971 2670 Graecos.
1026 2605 1171 2660 sacerdote·
1198 2607 1300 2662 Dicunt
1314 2623 1379 2662 sanc
1394 2607 1441 2660 alii
1462 2624 1497 2659 u-

505 2701 580 2774 quod
609 2710 637 2754 et
654 2699 792 2768 contigit.
827 2701 968 2769 naulrugio
1025 2710 1089 2746 num
1106 2693 1274 2748 simulacrum
1299 2697 1370 2752 caele
1390 2697 1494 2770 lapsum

503 2805 560 2843 ωε
578 2785 719 2859 peritum.
752 2786 830 2840 Tunc
861 2787 968 2842 Diome.
1027 2782 1099 2854 ψιλά
1115 2781 1235 2838 Alliensss
1259 2795 1365 2841 tantum
1390 2786 1492 2841 sulm.

506 2876 552 2929 des
578 2884 607 2928 et
624 2873 734 2930 Ulixes,
756 2873 853 2927 otalii
875 2875 969 2929 dicunt
1027 2868 1083 2922 Alii
1094 2870 1270 2936 duovolunt3
1287 2871 1357 2930 hoe.
1384 2873 1493 2946 dequo

504 2961 651 3022 cuniculis.
669 2972 701 3015 ut
725 2961 772 3014 elii
785 2961 898 3021 cloacis,
925 2981 971 3016 as·
1027 2957 1161 3023 diximus;
1180 2969 1208 3012 ot
1226 2957 1293 3012 illud
1311 2959 1471 3016 atheniense·

505 3052 653 3106 tenderunt
680 3065 766 3103 arcein
787 3086 795 3108 ,
817 3059 846 3102 ot
876 3049 971 3104 occisis

505 3135 662 3192 custodibus
697 3135 828 3191 sustulere
859 3136 972 3190 simulc-
1045 3139 1089 3202 lr-
1107 3135 1307 3192 Andromachae
1328 3148 1357 3192 et
1370 3135 1489 3195 Molossi.

504 3244 606 3280 crun-
636 3224 701 3278 Ideo
733 3235 821 3277 autern
845 3223 896 3278 hoc
921 3239 971 3278 ne·

505 3316 607 3384 gotium
624 3311 667 3367 his
683 3312 851 3386 potissimum
869 3312 969 3372 datur.

506 3401 572 3472 qnia
589 3399 703 3456 cultores
735 3398 843 3454 luerunt
867 3400 969 3452 Miner·
1082 3348 1317 3463 Consuetudinis
1334 3405 1495 3476 regiaelnit.

504 3508 565 3546 sae.
586 3490 642 3546 lloc
662 3508 723 3542 cunr
745 3499 837 3562 posteo
861 3487 970 3542 Diome·
1028 3504 1061 3547 ut
1082 3492 1226 3561 legitimam
1249 3510 1357 3546 uxorem
1372 3511 1426 3548 non
1445 3492 1493 3546 ha-

506 3581 553 3634 des
593 3579 730 3638 haberet.
765 3579 877 3634 credens
916 3577 969 3633 sibi
1027 3580 1496 3654 bentes‚aliqnanr.licetcaptisun.

505 3689 559 3724 non
585 3685 641 3722 esse
664 3677 756 3738 aptum
782 3677 890 3739 propter
920 3686 969 3722 sua
1028 3679 1116 3722 tamen
1140 3687 1188 3740 pro
1205 3667 1325 3736 legitima
1345 3665 1492 3733 heberent3

504 3757 620 3832 pericula
632 3753 688 3830 (ι),
701 3757 851 3810 transeunti
862 3757 967 3812 Aeneae
1029 3754 1095 3809 odeo
1114 3765 1147 3810 ut
1157 3753 1234 3809 liberi
1249 3772 1282 3808 ex
1294 3754 1352 3828 ipsa
1365 3755 1493 3812 notisno-

532 3948 573 4012 (ι)
590 3955 649 3998 nom
662 3945 782 4012 placule?
903 3947 944 4014 (a)
961 3949 1053 3999 Scilicet
1071 3966 1123 4012 gens
1140 3949 1246 4001 nimiu.
1263 3958 1289 3994 ut
1306 3951 1339 3994 ait
1355 3952 1453 3997 servius.
