3638 5332
554 683 619 772 340
930 705 966 752 rr
987 703 1167 754 roererurr

564 851 598 910 ¹6
615 854 700 924 igitur
722 853 746 906 si
772 869 864 906 veron
894 849 1013 922 philoso-
1066 867 1253 906 nenrnnrnros
1267 851 1437 924 philosophos
1457 851 1491 906 de
1507 851 1559 906 ho-

523 943 572 1018 phi
584 943 680 996 dicunt
694 939 799 998 ‚enimn
815 938 910 992 nundi
922 955 1014 991 secon-
1067 954 1125 990 runr
1133 937 1291 994 circulorum
1302 940 1449 998 intervallis
1458 954 1560 996 eccon.

526 1033 591 1086 dnnr
612 1029 745 1102 triplicem
761 1028 805 1082 soi
823 1037 947 1082 naturane
965 1026 1015 1080 tri·
1066 1027 1560 1100 sonentindisputationemnruitorurn

522 1119 574 1174 bns
588 1117 674 1172 rnod'n
693 1117 782 1172 omnis
803 1125 891 1170 movet
906 1149 914 1172 .
932 1113 1015 1170 retio-
1065 1114 1231 1169 voluminum
1250 1115 1379 1172 edidisse.

524 1223 559 1260 nc
570 1243 577 1265 .
589 1221 687 1262 sensu.
702 1203 871 1257 incremento·
885 1202 936 1255 Sed
952 1217 1014 1255 cse-
1105 1221 1138 1278 ¹7
1151 1206 1207 1258 ianr
1226 1205 1434 1276 ergoridearnus
1447 1223 1559 1277 sequen·

522 1291 600 1347 lestis
615 1292 804 1362 corpor-mola
819 1288 912 1342 stabili
929 1287 1015 1344 rrrio-
1069 1291 1108 1345 tir
1123 1292 1229 1347 Boethii
1245 1291 1338 1351 dicte.
1355 1291 1455 1362 quibus
1469 1293 1558 1346 edhuc

523 1399 558 1434 ne
568 1388 672 1444 movet3
682 1388 844 1432 terrenorum
859 1377 964 1436 infime.
974 1393 1015 1432 sn-
1067 1379 1135 1431 mire
1143 1379 1274 1450 quaedem
1284 1379 1317 1434 de
1329 1378 1381 1433 hac
1391 1380 1479 1434 enims
1490 1397 1557 1434 corn·

523 1469 550 1524 io
565 1467 735 1530 incrementos
745 1477 908 1520 terrenorum
918 1464 1015 1538 prirnr.
1066 1479 1156 1523 rnents
1177 1470 1303 1541 proponit
1322 1469 1432 1524 diceneo
1448 1504 1468 1528 .,
1487 1487 1557 1541 qnae

524 1557 554 1611 id
568 1566 611 1611 est
628 1552 894 1614 hunaomnnibor
908 1553 1015 1626 precis·
1068 1573 1127 1610 curn
1152 1569 1225 1612 secte
1253 1559 1321 1614 duos
1338 1571 1390 1614 etc.
1411 1595 1429 1618 .‚
1447 1560 1486 1613 De
1504 1559 1555 1612 hnc

522 1645 559 1699 tis
568 1640 656 1698 tribus
671 1641 775 1706 modies
791 1639 894 1699 medin.
907 1641 958 1696 hoc
973 1651 1014 1695 cst
1067 1647 1171 1700 enimee
1197 1647 1316 1702 sectione
1337 1647 1366 1701 in
1392 1648 1460 1701 duos
1481 1647 1558 1703 orbes

522 1731 663 1786 brutorum
686 1729 865 1788 animalium.
882 1728 987 1784 duobus
1005 1761 1013 1778 ·
1065 1750 1156 1811 posset
1172 1753 1228 1792 esso
1248 1737 1388 1808 aliquante
1405 1736 1529 1792 dubietas
1547 1774 1555 1796 .

522 1821 604 1878 Porro
619 1821 693 1892 quod
714 1819 760 1874 hit
778 1817 896 1874 membru
918 1819 1012 1872 mundi
1065 1826 1118 1880 nisi
1131 1825 1189 1897 ipse
1200 1825 1269 1878 hanc
1282 1824 1428 1879 obsolveret
1442 1823 1554 1880 subiun-

520 1909 637 1967 'consons
662 1909 760 1969 dixit.
787 1909 830 1965 vel
856 1907 1012 1980 simpliciter
1064 1929 1127 1979 gens
1151 1924 1168 1946 ··
1177 1911 1260 1966 simili
1286 1911 1419 1966 convertit
1441 1911 1557 1980 imagine

521 1997 705 2071 recipiendum
727 1996 801 2068 quod
822 1993 876 2050 sibi
896 2011 1012 2064 congruo
1067 2001 1176 2054 ordonn·
1188 2037 1205 2061 ‚‚
1217 2001 1335 2074 Apparet
1349 2002 1420 2055 eninr
1435 2001 1555 2056 eurniroc

521 2095 550 2140 ei
568 2085 755 2142 convenienti!
771 2083 846 2144 dini.
863 2092 892 2136 ei
907 2081 1012 2150 singilit
1064 2087 1153 2142 dicere
1170 2089 1244 2159 quod
1261 2089 1319 2160 ips!
1338 2090 1452 2159 primum
1467 2088 1556 2142 divis·

523 2172 553 2228 in
571 2192 620 2230 erro
632 2175 689 2230 loco
700 2185 729 2228 et
739 2173 833 2230 ordine
846 2171 957 2244 pnlebrr
970 2172 1012 2226 vei
1066 2175 1094 2229 in
1116 2176 1183 2230 duos
1195 2175 1272 2231 orbes
1285 2185 1424 2232 moventur
1435 2211 1442 2234 ‚
1453 2187 1480 2230 et
1495 2193 1555 2228 curn

522 2276 587 2338 epte
595 2265 768 2320 minimoese
780 2262 933 2316 discordent
946 2281 953 2314 ε
965 2271 1012 2316 snt
1066 2261 1167 2334 impetu
1189 2263 1305 2332 quodem
1322 2273 1424 2317 rotetur
1443 2283 1452 2328 ς
1475 2275 1557 2333 atque

524 2353 728 2426 intellegendum
736 2352 838 2408 esthoc
854 2352 1012 2424 enmexpri·
1066 2349 1106 2404 itr
1128 2349 1222 2404 nrolenr
1240 2349 1306 2403 cneii
1330 2367 1418 2404 secum
1442 2351 1471 2404 in
1494 2368 1556 2404 eos-

522 2459 594 2496 merc
617 2439 761 2498 voluisse.
789 2439 865 2510 quod
890 2439 1012 2494 maximis
1065 2437 1125 2490 deur
1140 2433 1216 2491 orbes
1233 2437 1325 2492 trahat
1339 2447 1421 2507 etque
1442 2453 1555 2492 conver-

523 2531 617 2586 mnndi
632 2527 755 2604 pertibus
775 2565 783 2586 .
804 2525 833 2581 id
851 2539 894 2583 est
911 2538 1012 2600 septem
1065 2534 1127 2579 tet·
1143 2524 1264 2595 Qualiter
1289 2536 1381 2580 eutem
1405 2526 1506 2580 eoelum
1527 2528 1555 2582 in

523 2620 689 2691 planctuum
718 2615 824 2670 cheulin
844 2651 852 2674 .
870 2614 1012 2668 maximnm
1064 2611 1132 2667 duos
1155 2612 1209 2668 sibi
1234 2615 1382 2668 contrarios
1402 2613 1480 2668 orbes
1501 2616 1554 2668 cir-

521 2704 657 2776 anodern
683 2704 884 2758 consonantiam
906 2703 969 2758 licet
993 2720 1011 2755 n
1065 2701 1208 2772 coitusque
1216 2702 1483 2760 volvetur‚onrniunr
1496 2719 1554 2757 oen·

520 2790 620 2845 nostris
639 2788 749 2843 nuribus
773 2789 866 2862 procul
885 2802 1010 2846 remotam
1064 2787 1098 2843 lis
1113 2788 1177 2847 ‚scd
1193 2807 1247 2844 non
1265 2789 1385 2842 omnium
1409 2789 1555 2843 intellectui

522 2879 607 2933 inesse
627 2879 749 2937 dicunt.
774 2895 806 2933 eo
837 2879 910 2950 quod
937 2880 1012 2952 ipsae
1064 2889 1149 2950 Petet·
1172 2879 1219 2933 Est
1234 2890 1323 2932 notem
1351 2865 1419 2933 uirus
1438 2879 1484 2931 hic
1504 2897 1554 2934 no-

521 2966 660 3039 pirnetne.
679 2965 848 3037 quoesitiori
860 2966 958 3023 circuio
974 2966 1011 3023 ic·
1063 2968 1180 3022 tissimus
1203 2968 1270 3022 cneii
1284 2968 1413 3021 circuitus
1436 2985 1491 3038 quo
1506 2967 1552 3022 vi-

520 3065 617 3110 runtur
641 3055 769 3110 acutioris
790 3056 850 3112 soni
873 3057 1011 3112 meiodinrn
1064 3057 1155 3110 demus
1169 3057 1304 3110 aetherem
1317 3073 1377 3110 curn
1393 3054 1483 3110 infixis
1498 3053 1554 3109 sibi

521 3159 571 3196 suo
588 3140 724 3197 concitent
740 3159 842 3209 remur
861 3160 931 3212 quoe
950 3161 1010 3198 vero
1062 3142 1185 3198 omnibus
1195 3142 1329 3197 sideribus
1340 3141 1375 3195 ab
1387 3143 1490 3197 oriente
1500 3143 1554 3196 voi-

435 3235 438 3242 ’
520 3229 746 3290 inferioressnnt.
760 3232 1008 3300 grovinsresonents
1062 3229 1091 3286 ri
1109 3229 1137 3284 in
1157 3229 1339 3294 occidentem
1362 3229 1401 3284 ito
1422 3239 1454 3282 ut
1478 3227 1554 3283 nobis

519 3335 608 3374 ornnes
623 3329 712 3374 tuneo
729 3336 810 3372 unnrn
824 3319 941 3373 musicae
954 3337 1009 3376 nro-
1065 3321 1093 3376 in
1116 3319 1175 3392 ipso
1195 3321 1289 3376 mundi
1312 3319 1410 3375 vertice
1436 3319 1554 3390 posituro

519 3407 844 3464 dulntionisirernroniam
857 3421 1010 3465 consonent.
1062 3413 1150 3485 polum
1169 3408 1336 3467 intuentibus
1355 3445 1363 3468 .
1380 3425 1469 3464 ornnes
1487 3409 1555 3462 stei-

517 3495 604 3550 Cuiue
634 3494 674 3548 rei
704 3495 834 3549 tractatui
862 3495 949 3550 nrcius
981 3507 1010 3551 et
1060 3500 1103 3554 lae
1123 3499 1265 3554 rideantur
1290 3496 1318 3551 in
1343 3495 1444 3550 dextris
1468 3495 1552 3553 oriri.

517 3583 639 3639 otiumet
648 3583 772 3654 temporis
781 3583 912 3654 spntiunr.
927 3601 1008 3654 quom
1062 3587 1092 3642 in
1108 3587 1225 3642 sinistris
1240 3585 1360 3640 occidero
1374 3619 1382 3641 .
1397 3595 1500 3654 praeter
1519 3583 1549 3637 ii·

518 3689 590 3726 nunc
613 3669 756 3724 hebernus
779 3704 788 3729 .
811 3669 1008 3742 inpendentium
1059 3674 1098 3728 irs
1117 3691 1187 3745 quoe
1210 3673 1282 3726 intre
1304 3670 1432 3724 creticum
1461 3671 1553 3724 circu·

518 3771 560 3814 cst
572 3795 580 3818 ‚
590 3769 618 3813 et
629 3759 673 3812 lris
689 3769 809 3818 croton.
822 3760 871 3830 qui
884 3771 1007 3815 notorem
1059 3765 1114 3820 lunr
1124 3762 1311 3820 continenturr
1321 3777 1381 3814 ncnr
1392 3758 1465 3832 ipsse
1477 3777 1550 3812 nurn-

518 3848 632 3902 musicae
656 3847 722 3902 ortis
741 3849 809 3905 scire
830 3847 1004 3909 desiderent.
1061 3869 1141 3923 quem
1156 3851 1244 3906 kosmi
1262 3847 1460 3921 compatiuntur
1471 3865 1550 3902 occe-

494 3945 496 3948 ·
521 3934 596 3989 utilis
609 3951 664 3989 esse
682 3934 949 3994 dinoscitur-Scimus
963 3950 1006 3993 tc·
1058 3939 1196 3998 remrein
1209 3937 1405 3992 abscinduntur
1419 3932 1536 3990 helieie·
