<?xml version="1.0" encoding="UTF-8"?>
<!DOCTYPE html PUBLIC "-//W3C//DTD XHTML 1.0 Transitional//EN"
    "http://www.w3.org/TR/xhtml1/DTD/xhtml1-transitional.dtd">
<html xmlns="http://www.w3.org/1999/xhtml" xml:lang="en" lang="en">
 <head>
  <title>
</title>
<meta http-equiv="Content-Type" content="text/html;charset=utf-8" />
  <meta name='ocr-system' content='tesseract 3.04.00' />
  <meta name='ocr-capabilities' content='ocr_page ocr_carea ocr_par ocr_line ocrx_word'/>
</head>
<body>
  <div class='ocr_page' id='page_1' title='image "./classicorumauct01vatigoog_0475.png"; bbox 0 0 3638 5332; ppageno 0'>
   <div class='ocr_carea' id='block_1_1' title="bbox 534 673 1137 764">
    <p class='ocr_par' dir='ltr' id='par_1_1' title="bbox 534 673 1137 764">
     <span class='ocr_line' id='line_1_1' title="bbox 534 673 1137 764; baseline 0.003 -24"><span class='ocrx_word' id='word_1_1' title='bbox 534 673 609 764; x_wconf 70' lang='lat'><strong>412</strong></span> <span class='ocrx_word' id='word_1_2' title='bbox 892 691 1137 742; x_wconf 78' lang='lat' dir='ltr'><strong>unuousrmno</strong></span> 
     </span>
    </p>
   </div>
   <div class='ocr_carea' id='block_1_2' title="bbox 450 846 1576 3331">
    <p class='ocr_par' dir='ltr' id='par_1_2' title="bbox 450 846 1576 3331">
     <span class='ocr_line' id='line_1_2' title="bbox 501 846 1541 950; baseline -0.003 -27"><span class='ocrx_word' id='word_1_3' title='bbox 501 849 621 923; x_wconf 78' lang='lat' dir='ltr'><strong>vincia</strong></span> <span class='ocrx_word' id='word_1_4' title='bbox 643 849 810 950; x_wconf 84' lang='lat' dir='ltr'><strong>pontica:</strong></span> <span class='ocrx_word' id='word_1_5' title='bbox 842 876 932 947; x_wconf 89' lang='lat' dir='ltr'><strong>quae</strong></span> <span class='ocrx_word' id='word_1_6' title='bbox 956 847 1210 948; x_wconf 85' lang='lat' dir='ltr'><strong>expanduntur</strong></span> <span class='ocrx_word' id='word_1_7' title='bbox 1239 847 1275 918; x_wconf 91' lang='lat' dir='ltr'><strong>in</strong></span> <span class='ocrx_word' id='word_1_8' title='bbox 1304 846 1541 944; x_wconf 73' lang='lat' dir='ltr'><strong>longitudine,</strong></span> 
     </span>
     <span class='ocr_line' id='line_1_3' title="bbox 506 965 1529 1071; baseline -0.003 -26"><span class='ocrx_word' id='word_1_9' title='bbox 506 971 603 1046; x_wconf 86' lang='lat' dir='ltr'><strong>milia</strong></span> <span class='ocrx_word' id='word_1_10' title='bbox 618 995 789 1071; x_wconf 82' lang='lat' dir='ltr'>passuum</span> <span class='ocrx_word' id='word_1_11' title='bbox 803 965 1145 1044; x_wconf 74' lang='lat' dir='ltr'>DCCCCLXXX·</span> <span class='ocrx_word' id='word_1_12' title='bbox 1156 1027 1166 1059; x_wconf 91' lang='lat'>‚</span> <span class='ocrx_word' id='word_1_13' title='bbox 1176 970 1214 1040; x_wconf 91' lang='lat' dir='ltr'><strong>in</strong></span> <span class='ocrx_word' id='word_1_14' title='bbox 1221 968 1410 1042; x_wconf 84' lang='lat' dir='ltr'><strong>latitudine</strong></span> <span class='ocrx_word' id='word_1_15' title='bbox 1419 996 1529 1068; x_wconf 85' lang='lat' dir='ltr'><strong>quan-</strong></span> 
     </span>
     <span class='ocr_line' id='line_1_4' title="bbox 504 1087 1529 1191; baseline -0.003 -26"><span class='ocrx_word' id='word_1_16' title='bbox 504 1109 583 1166; x_wconf 89' lang='lat' dir='ltr'><strong>tum</strong></span> <span class='ocrx_word' id='word_1_17' title='bbox 613 1091 797 1190; x_wconf 84' lang='lat' dir='ltr'><strong>cognitum</strong></span> <span class='ocrx_word' id='word_1_18' title='bbox 820 1108 873 1164; x_wconf 85' lang='lat' dir='ltr'><strong>est</strong></span> <span class='ocrx_word' id='word_1_19' title='bbox 889 1091 987 1165; x_wconf 89' lang='lat' dir='ltr'><strong>milia</strong></span> <span class='ocrx_word' id='word_1_20' title='bbox 1009 1119 1181 1191; x_wconf 76' lang='lat' dir='ltr'>passuum</span> <span class='ocrx_word' id='word_1_21' title='bbox 1202 1087 1529 1165; x_wconf 89' lang='lat' dir='ltr'><strong>·CCCLXXXIll·</strong></span> 
     </span>
     <span class='ocr_line' id='line_1_5' title="bbox 563 1206 1531 1309; baseline 0 -27"><span class='ocrx_word' id='word_1_22' title='bbox 563 1235 608 1286; x_wconf 81' lang='grc' dir='ltr'><strong>ιο</strong></span> <span class='ocrx_word' id='word_1_23' title='bbox 635 1209 758 1284; x_wconf 83' lang='lat' dir='ltr'><strong>Insula</strong></span> <span class='ocrx_word' id='word_1_24' title='bbox 783 1206 911 1298; x_wconf 89' lang='lat' dir='ltr'><strong>Creta,</strong></span> <span class='ocrx_word' id='word_1_25' title='bbox 928 1227 965 1282; x_wconf 90' lang='lat' dir='ltr'><strong>et</strong></span> <span class='ocrx_word' id='word_1_26' title='bbox 985 1237 1076 1309; x_wconf 86' lang='lat' dir='ltr'><strong>quae</strong></span> <span class='ocrx_word' id='word_1_27' title='bbox 1099 1210 1197 1284; x_wconf 88' lang='lat' dir='ltr'><strong>circa</strong></span> <span class='ocrx_word' id='word_1_28' title='bbox 1220 1225 1305 1285; x_wconf 90' lang='lat' dir='ltr'><strong>sunt</strong></span> <span class='ocrx_word' id='word_1_29' title='bbox 1322 1265 1332 1298; x_wconf 96' lang='lat'><strong>,</strong></span> <span class='ocrx_word' id='word_1_30' title='bbox 1352 1209 1531 1282; x_wconf 90' lang='lat' dir='ltr'><strong>liniuntur</strong></span> 
     </span>
     <span class='ocr_line' id='line_1_6' title="bbox 505 1326 1576 1428; baseline -0.003 -25"><span class='ocrx_word' id='word_1_31' title='bbox 505 1330 548 1402; x_wconf 90' lang='lat' dir='ltr'><strong>ab</strong></span> <span class='ocrx_word' id='word_1_32' title='bbox 569 1329 705 1403; x_wconf 88' lang='lat' dir='ltr'><strong>oriente</strong></span> <span class='ocrx_word' id='word_1_33' title='bbox 728 1327 818 1402; x_wconf 90' lang='lat' dir='ltr'><strong>mari</strong></span> <span class='ocrx_word' id='word_1_34' title='bbox 838 1327 1048 1428; x_wconf 86' lang='lat' dir='ltr'><strong>carpathio,</strong></span> <span class='ocrx_word' id='word_1_35' title='bbox 1069 1329 1112 1402; x_wconf 84' lang='lat' dir='ltr'><strong>ab</strong></span> <span class='ocrx_word' id='word_1_36' title='bbox 1138 1327 1324 1402; x_wconf 88' lang='lat' dir='ltr'><strong>occidente</strong></span> <span class='ocrx_word' id='word_1_37' title='bbox 1345 1326 1438 1401; x_wconf 85' lang='lat' dir='ltr'><strong>mari</strong></span> <span class='ocrx_word' id='word_1_38' title='bbox 1459 1355 1531 1400; x_wconf 87' lang='lat' dir='ltr'><strong>cre·</strong></span> <span class='ocrx_word' id='word_1_39' title='bbox 1572 1401 1576 1410; x_wconf 84' lang='grc'>,</span> 
     </span>
     <span class='ocr_line' id='line_1_7' title="bbox 506 1446 1533 1550; baseline -0.004 -27"><span class='ocrx_word' id='word_1_40' title='bbox 506 1451 606 1539; x_wconf 87' lang='lat' dir='ltr'><strong>tieo,</strong></span> <span class='ocrx_word' id='word_1_41' title='bbox 637 1477 657 1522; x_wconf 89' lang='lat' dir='ltr'><strong>a</strong></span> <span class='ocrx_word' id='word_1_42' title='bbox 678 1447 823 1522; x_wconf 88' lang='lat' dir='ltr'><strong>meridie</strong></span> <span class='ocrx_word' id='word_1_43' title='bbox 846 1449 937 1522; x_wconf 91' lang='lat' dir='ltr'><strong>mari</strong></span> <span class='ocrx_word' id='word_1_44' title='bbox 956 1449 1083 1550; x_wconf 85' lang='lat' dir='ltr'><strong>libyco.</strong></span> <span class='ocrx_word' id='word_1_45' title='bbox 1107 1446 1216 1522; x_wconf 88' lang='lat' dir='ltr'><strong>Creta</strong></span> <span class='ocrx_word' id='word_1_46' title='bbox 1239 1464 1336 1550; x_wconf 85' lang='lat' dir='ltr'><strong>patet</strong></span> <span class='ocrx_word' id='word_1_47' title='bbox 1360 1447 1398 1520; x_wconf 90' lang='lat' dir='ltr'><strong>in</strong></span> <span class='ocrx_word' id='word_1_48' title='bbox 1423 1447 1533 1544; x_wconf 84' lang='lat' dir='ltr'><strong>longi-</strong></span> 
     </span>
     <span class='ocr_line' id='line_1_8' title="bbox 507 1564 1534 1666; baseline -0.002 -26"><span class='ocrx_word' id='word_1_49' title='bbox 507 1567 632 1641; x_wconf 83' lang='lat' dir='ltr'><strong>tudine</strong></span> <span class='ocrx_word' id='word_1_50' title='bbox 652 1566 749 1640; x_wconf 93' lang='lat' dir='ltr'><strong>milia</strong></span> <span class='ocrx_word' id='word_1_51' title='bbox 769 1593 938 1666; x_wconf 84' lang='lat' dir='ltr'><strong>passuum</strong></span> <span class='ocrx_word' id='word_1_52' title='bbox 953 1565 1192 1656; x_wconf 87' lang='lat' dir='ltr'><strong>·CLXXlIl·,</strong></span> <span class='ocrx_word' id='word_1_53' title='bbox 1208 1566 1247 1639; x_wconf 89' lang='lat' dir='ltr'><strong>in</strong></span> <span class='ocrx_word' id='word_1_54' title='bbox 1259 1564 1449 1640; x_wconf 87' lang='lat' dir='ltr'><strong>latitudine</strong></span> <span class='ocrx_word' id='word_1_55' title='bbox 1470 1564 1534 1638; x_wconf 92' lang='lat' dir='ltr'><strong>mi·</strong></span> 
     </span>
     <span class='ocr_line' id='line_1_9' title="bbox 508 1685 921 1785; baseline -0.005 -27"><span class='ocrx_word' id='word_1_56' title='bbox 508 1685 557 1760; x_wconf 92' lang='lat' dir='ltr'><strong>lia</strong></span> <span class='ocrx_word' id='word_1_57' title='bbox 580 1711 753 1785; x_wconf 85' lang='lat' dir='ltr'><strong>passuum</strong></span> <span class='ocrx_word' id='word_1_58' title='bbox 777 1712 844 1761; x_wconf 85' lang='lat' dir='ltr'><strong>sex.</strong></span> <span class='ocrx_word' id='word_1_59' title='bbox 870 1687 921 1785; x_wconf 71' lang='grc' dir='ltr'><strong>(ι)</strong></span> 
     </span>
     <span class='ocr_line' id='line_1_10' title="bbox 565 1800 1534 1903; baseline 0 -29"><span class='ocrx_word' id='word_1_60' title='bbox 565 1829 606 1874; x_wconf 82' lang='grc' dir='ltr'><strong>ιι</strong></span> <span class='ocrx_word' id='word_1_61' title='bbox 637 1801 879 1893; x_wconf 89' lang='lat' dir='ltr'><strong>Macedonia,</strong></span> <span class='ocrx_word' id='word_1_62' title='bbox 908 1821 945 1876; x_wconf 87' lang='lat' dir='ltr'><strong>et</strong></span> <span class='ocrx_word' id='word_1_63' title='bbox 971 1801 1253 1903; x_wconf 78' lang='lat' dir='ltr'><strong>Hellespontus,</strong></span> <span class='ocrx_word' id='word_1_64' title='bbox 1279 1819 1316 1876; x_wconf 89' lang='lat' dir='ltr'><strong>et</strong></span> <span class='ocrx_word' id='word_1_65' title='bbox 1337 1829 1419 1902; x_wconf 88' lang='lat' dir='ltr'><strong>pars</strong></span> <span class='ocrx_word' id='word_1_66' title='bbox 1439 1800 1534 1875; x_wconf 89' lang='lat' dir='ltr'><strong>Pon-</strong></span> 
     </span>
     <span class='ocr_line' id='line_1_11' title="bbox 493 1919 1532 2024; baseline -0.001 -28"><span class='ocrx_word' id='word_1_67' title='bbox 493 1924 558 2019; x_wconf 12' lang='lat' dir='ltr'><strong>nti,</strong></span> <span class='ocrx_word' id='word_1_68' title='bbox 578 1923 757 1998; x_wconf 90' lang='lat' dir='ltr'><strong>liniuntur</strong></span> <span class='ocrx_word' id='word_1_69' title='bbox 779 1924 822 1998; x_wconf 85' lang='lat' dir='ltr'><strong>ad</strong></span> <span class='ocrx_word' id='word_1_70' title='bbox 844 1923 980 2000; x_wconf 85' lang='lat' dir='ltr'><strong>oriente</strong></span> <span class='ocrx_word' id='word_1_71' title='bbox 999 1924 1088 1998; x_wconf 87' lang='lat' dir='ltr'><strong>mari</strong></span> <span class='ocrx_word' id='word_1_72' title='bbox 1110 1924 1254 2024; x_wconf 89' lang='lat' dir='ltr'><strong>pontico</strong></span> <span class='ocrx_word' id='word_1_73' title='bbox 1273 1919 1287 2012; x_wconf 50' lang='lat'><strong>,‘</strong></span> <span class='ocrx_word' id='word_1_74' title='bbox 1305 1923 1348 1996; x_wconf 88' lang='lat' dir='ltr'><strong>ab</strong></span> <span class='ocrx_word' id='word_1_75' title='bbox 1369 1923 1532 1996; x_wconf 89' lang='lat' dir='ltr'><strong>occiden-</strong></span> 
     </span>
     <span class='ocr_line' id='line_1_12' title="bbox 510 2039 1534 2143; baseline -0.003 -28"><span class='ocrx_word' id='word_1_76' title='bbox 510 2059 544 2116; x_wconf 89' lang='lat' dir='ltr'><strong>te</strong></span> <span class='ocrx_word' id='word_1_77' title='bbox 559 2040 708 2116; x_wconf 77' lang='lat' dir='ltr'><strong>desertis</strong></span> <span class='ocrx_word' id='word_1_78' title='bbox 722 2039 945 2131; x_wconf 83' lang='lat' dir='ltr'><strong>Dardaniae,</strong></span> <span class='ocrx_word' id='word_1_79' title='bbox 967 2070 987 2116; x_wconf 88' lang='lat' dir='ltr'><strong>a</strong></span> <span class='ocrx_word' id='word_1_80' title='bbox 1003 2043 1242 2143; x_wconf 85' lang='lat' dir='ltr'><strong>septentrione</strong></span> <span class='ocrx_word' id='word_1_81' title='bbox 1257 2040 1406 2114; x_wconf 87' lang='lat' dir='ltr'><strong>flumine</strong></span> <span class='ocrx_word' id='word_1_82' title='bbox 1419 2039 1534 2127; x_wconf 91' lang='lat' dir='ltr'><strong>Istro,</strong></span> 
     </span>
     <span class='ocr_line' id='line_1_13' title="bbox 510 2157 1535 2261; baseline -0.001 -28"><span class='ocrx_word' id='word_1_83' title='bbox 510 2187 530 2233; x_wconf 91' lang='lat' dir='ltr'><strong>a</strong></span> <span class='ocrx_word' id='word_1_84' title='bbox 557 2159 705 2234; x_wconf 87' lang='lat' dir='ltr'><strong>meridie</strong></span> <span class='ocrx_word' id='word_1_85' title='bbox 730 2187 881 2258; x_wconf 84' lang='lat' dir='ltr'><strong>aegaeo:</strong></span> <span class='ocrx_word' id='word_1_86' title='bbox 907 2189 997 2260; x_wconf 86' lang='lat' dir='ltr'><strong>quae</strong></span> <span class='ocrx_word' id='word_1_87' title='bbox 1019 2176 1143 2261; x_wconf 89' lang='lat' dir='ltr'><strong>patent</strong></span> <span class='ocrx_word' id='word_1_88' title='bbox 1166 2160 1204 2233; x_wconf 90' lang='lat' dir='ltr'><strong>in</strong></span> <span class='ocrx_word' id='word_1_89' title='bbox 1224 2157 1448 2257; x_wconf 82' lang='lat' dir='ltr'><strong>longitudine</strong></span> <span class='ocrx_word' id='word_1_90' title='bbox 1470 2158 1535 2232; x_wconf 90' lang='lat' dir='ltr'><strong>mi·</strong></span> 
     </span>
     <span class='ocr_line' id='line_1_14' title="bbox 509 2279 1227 2382; baseline -0.003 -28"><span class='ocrx_word' id='word_1_91' title='bbox 509 2280 558 2354; x_wconf 88' lang='lat' dir='ltr'><strong>lia</strong></span> <span class='ocrx_word' id='word_1_92' title='bbox 578 2304 749 2382; x_wconf 82' lang='lat' dir='ltr'><strong>passuum</strong></span> <span class='ocrx_word' id='word_1_93' title='bbox 772 2279 1089 2358; x_wconf 80' lang='lat' dir='ltr'><strong>·CCCXXXll·,</strong></span> <span class='ocrx_word' id='word_1_94' title='bbox 1214 2314 1227 2334; x_wconf 80' lang='lat'><strong><em>¹</em></strong></span> 
     </span>
     <span class='ocr_line' id='line_1_15' title="bbox 482 2397 1537 2501; baseline -0.001 -29"><span class='ocrx_word' id='word_1_95' title='bbox 482 2438 497 2485; x_wconf 69' lang='lat' dir='ltr'><strong>t</strong></span> <span class='ocrx_word' id='word_1_96' title='bbox 567 2427 610 2474; x_wconf 83' lang='lat'><strong>12</strong></span> <span class='ocrx_word' id='word_1_97' title='bbox 638 2397 807 2501; x_wconf 86' lang='lat' dir='ltr'><strong>Epirus,</strong></span> <span class='ocrx_word' id='word_1_98' title='bbox 835 2399 973 2474; x_wconf 84' lang='lat' dir='ltr'><strong>Achaia</strong></span> <span class='ocrx_word' id='word_1_99' title='bbox 1002 2459 1012 2488; x_wconf 94' lang='lat'><strong>,</strong></span> <span class='ocrx_word' id='word_1_100' title='bbox 1042 2398 1225 2473; x_wconf 82' lang='lat' dir='ltr'><strong>Thessalia</strong></span> <span class='ocrx_word' id='word_1_101' title='bbox 1249 2457 1259 2488; x_wconf 96' lang='lat'><strong>,</strong></span> <span class='ocrx_word' id='word_1_102' title='bbox 1286 2399 1467 2474; x_wconf 85' lang='lat' dir='ltr'><strong>finiuntur</strong></span> <span class='ocrx_word' id='word_1_103' title='bbox 1494 2397 1537 2471; x_wconf 88' lang='lat' dir='ltr'><strong>ab</strong></span> 
     </span>
     <span class='ocr_line' id='line_1_16' title="bbox 514 2515 1536 2617; baseline -0.004 -23"><span class='ocrx_word' id='word_1_104' title='bbox 514 2519 650 2594; x_wconf 87' lang='lat' dir='ltr'><strong>oriente</strong></span> <span class='ocrx_word' id='word_1_105' title='bbox 672 2519 762 2592; x_wconf 88' lang='lat' dir='ltr'><strong>mari</strong></span> <span class='ocrx_word' id='word_1_106' title='bbox 784 2547 937 2616; x_wconf 85' lang='lat' dir='ltr'><strong>aegaeo,</strong></span> <span class='ocrx_word' id='word_1_107' title='bbox 965 2546 985 2592; x_wconf 88' lang='lat' dir='ltr'><strong>a</strong></span> <span class='ocrx_word' id='word_1_108' title='bbox 1009 2517 1248 2617; x_wconf 86' lang='lat' dir='ltr'><strong>septentrione</strong></span> <span class='ocrx_word' id='word_1_109' title='bbox 1270 2517 1450 2590; x_wconf 88' lang='lat' dir='ltr'><strong>montibus</strong></span> <span class='ocrx_word' id='word_1_110' title='bbox 1469 2515 1536 2590; x_wconf 90' lang='lat' dir='ltr'><strong>Pe-</strong></span> 
     </span>
     <span class='ocr_line' id='line_1_17' title="bbox 510 2636 1538 2738; baseline -0.004 -26"><span class='ocrx_word' id='word_1_111' title='bbox 510 2639 559 2714; x_wconf 95' lang='lat' dir='ltr'><strong>lio</strong></span> <span class='ocrx_word' id='word_1_112' title='bbox 575 2657 611 2714; x_wconf 86' lang='lat' dir='ltr'><strong>et</strong></span> <span class='ocrx_word' id='word_1_113' title='bbox 626 2636 801 2738; x_wconf 84' lang='lat' dir='ltr'><strong>Olympo,</strong></span> <span class='ocrx_word' id='word_1_114' title='bbox 817 2667 836 2712; x_wconf 90' lang='lat' dir='ltr'><strong>a</strong></span> <span class='ocrx_word' id='word_1_115' title='bbox 857 2638 1004 2712; x_wconf 88' lang='lat' dir='ltr'><strong>meridie</strong></span> <span class='ocrx_word' id='word_1_116' title='bbox 1020 2637 1110 2712; x_wconf 87' lang='lat' dir='ltr'><strong>mari</strong></span> <span class='ocrx_word' id='word_1_117' title='bbox 1124 2637 1239 2712; x_wconf 89' lang='lat' dir='ltr'><strong>siculo</strong></span> <span class='ocrx_word' id='word_1_118' title='bbox 1254 2655 1290 2712; x_wconf 91' lang='lat' dir='ltr'><strong>et</strong></span> <span class='ocrx_word' id='word_1_119' title='bbox 1302 2637 1437 2738; x_wconf 85' lang='lat' dir='ltr'><strong>libyco:</strong></span> <span class='ocrx_word' id='word_1_120' title='bbox 1453 2663 1538 2737; x_wconf 88' lang='lat' dir='ltr'><strong>qua-</strong></span> 
     </span>
     <span class='ocr_line' id='line_1_18' title="bbox 510 2751 1537 2856; baseline -0.002 -26"><span class='ocrx_word' id='word_1_121' title='bbox 510 2785 593 2830; x_wconf 88' lang='lat' dir='ltr'><strong>rum</strong></span> <span class='ocrx_word' id='word_1_122' title='bbox 616 2755 728 2856; x_wconf 84' lang='lat' dir='ltr'><strong>spatia</strong></span> <span class='ocrx_word' id='word_1_123' title='bbox 750 2757 788 2830; x_wconf 92' lang='lat' dir='ltr'><strong>in</strong></span> <span class='ocrx_word' id='word_1_124' title='bbox 802 2755 1025 2854; x_wconf 83' lang='lat' dir='ltr'><strong>longitudine</strong></span> <span class='ocrx_word' id='word_1_125' title='bbox 1046 2755 1144 2830; x_wconf 89' lang='lat' dir='ltr'><strong>milia</strong></span> <span class='ocrx_word' id='word_1_126' title='bbox 1165 2781 1336 2856; x_wconf 88' lang='lat' dir='ltr'><strong>passuum</strong></span> <span class='ocrx_word' id='word_1_127' title='bbox 1351 2751 1537 2842; x_wconf 86' lang='lat' dir='ltr'><strong>·DCCX·‚</strong></span> 
     </span>
     <span class='ocr_line' id='line_1_19' title="bbox 511 2872 1067 2950; baseline -0.002 0"><span class='ocrx_word' id='word_1_128' title='bbox 511 2875 550 2950; x_wconf 89' lang='lat' dir='ltr'><strong>in</strong></span> <span class='ocrx_word' id='word_1_129' title='bbox 570 2873 759 2948; x_wconf 88' lang='lat' dir='ltr'><strong>latitudine</strong></span> <span class='ocrx_word' id='word_1_130' title='bbox 782 2872 1067 2950; x_wconf 85' lang='lat' dir='ltr'>·CCCLXXV1.</span> 
     </span>
     <span class='ocr_line' id='line_1_20' title="bbox 569 2991 1540 3095; baseline -0.007 -26"><span class='ocrx_word' id='word_1_131' title='bbox 569 2997 613 3069; x_wconf 85' lang='lat'><strong>13</strong></span> <span class='ocrx_word' id='word_1_132' title='bbox 640 2993 764 3068; x_wconf 90' lang='lat' dir='ltr'><strong>Insula</strong></span> <span class='ocrx_word' id='word_1_133' title='bbox 793 2991 944 3084; x_wconf 84' lang='lat' dir='ltr'><strong>Sicilia,</strong></span> <span class='ocrx_word' id='word_1_134' title='bbox 972 3012 1009 3068; x_wconf 90' lang='lat' dir='ltr'><strong>et</strong></span> <span class='ocrx_word' id='word_1_135' title='bbox 1031 3021 1121 3095; x_wconf 88' lang='lat' dir='ltr'><strong>quae</strong></span> <span class='ocrx_word' id='word_1_136' title='bbox 1144 2993 1240 3068; x_wconf 89' lang='lat' dir='ltr'><strong>circa</strong></span> <span class='ocrx_word' id='word_1_137' title='bbox 1264 3011 1349 3066; x_wconf 89' lang='lat' dir='ltr'><strong>sunt</strong></span> <span class='ocrx_word' id='word_1_138' title='bbox 1372 3048 1382 3082; x_wconf 97' lang='lat'><strong>,</strong></span> <span class='ocrx_word' id='word_1_139' title='bbox 1409 2991 1540 3064; x_wconf 91' lang='lat' dir='ltr'><strong>finiun-</strong></span> 
     </span>
     <span class='ocr_line' id='line_1_21' title="bbox 450 3111 1539 3212; baseline -0.006 -26"><span class='ocrx_word' id='word_1_140' title='bbox 450 3197 454 3208; x_wconf 94' lang='lat'>.</span> <span class='ocrx_word' id='word_1_141' title='bbox 514 3131 575 3188; x_wconf 91' lang='lat' dir='ltr'><strong>tur</strong></span> <span class='ocrx_word' id='word_1_142' title='bbox 600 3113 642 3186; x_wconf 89' lang='lat' dir='ltr'><strong>ab</strong></span> <span class='ocrx_word' id='word_1_143' title='bbox 663 3113 798 3186; x_wconf 89' lang='lat' dir='ltr'><strong>oriente</strong></span> <span class='ocrx_word' id='word_1_144' title='bbox 821 3130 857 3184; x_wconf 91' lang='lat' dir='ltr'><strong>et</strong></span> <span class='ocrx_word' id='word_1_145' title='bbox 882 3113 1068 3186; x_wconf 88' lang='lat' dir='ltr'><strong>occidente</strong></span> <span class='ocrx_word' id='word_1_146' title='bbox 1092 3113 1180 3186; x_wconf 89' lang='lat' dir='ltr'><strong>item</strong></span> <span class='ocrx_word' id='word_1_147' title='bbox 1201 3111 1440 3212; x_wconf 85' lang='lat' dir='ltr'><strong>septentrione</strong></span> <span class='ocrx_word' id='word_1_148' title='bbox 1469 3135 1539 3182; x_wconf 87' lang='lat' dir='ltr'><strong>ma·</strong></span> 
     </span>
     <span class='ocr_line' id='line_1_22' title="bbox 517 3226 1543 3331; baseline -0.006 -27"><span class='ocrx_word' id='word_1_149' title='bbox 517 3232 549 3304; x_wconf 88' lang='lat' dir='ltr'><strong>ri</strong></span> <span class='ocrx_word' id='word_1_150' title='bbox 572 3231 804 3331; x_wconf 83' lang='lat' dir='ltr'><strong>tyrrhenico‚</strong></span> <span class='ocrx_word' id='word_1_151' title='bbox 833 3261 853 3304; x_wconf 90' lang='lat' dir='ltr'><strong>a</strong></span> <span class='ocrx_word' id='word_1_152' title='bbox 873 3230 1020 3307; x_wconf 88' lang='lat' dir='ltr'><strong>meridie</strong></span> <span class='ocrx_word' id='word_1_153' title='bbox 1043 3231 1134 3304; x_wconf 90' lang='lat' dir='ltr'><strong>mari</strong></span> <span class='ocrx_word' id='word_1_154' title='bbox 1155 3229 1275 3304; x_wconf 74' lang='lat' dir='ltr'><strong>africo.</strong></span> <span class='ocrx_word' id='word_1_155' title='bbox 1297 3226 1423 3302; x_wconf 86' lang='lat' dir='ltr'><strong>Sicilia</strong></span> <span class='ocrx_word' id='word_1_156' title='bbox 1445 3241 1543 3329; x_wconf 87' lang='lat' dir='ltr'><strong>patet</strong></span> 
     </span>
    </p>
   </div>
   <div class='ocr_carea' id='block_1_3' title="bbox 515 3343 1653 3452">
    <p class='ocr_par' dir='ltr' id='par_1_3' title="bbox 515 3343 1653 3452">
     <span class='ocr_line' id='line_1_23' title="bbox 515 3343 1653 3452; baseline -0.01 -26"><span class='ocrx_word' id='word_1_157' title='bbox 515 3352 554 3426; x_wconf 91' lang='lat' dir='ltr'><strong>in</strong></span> <span class='ocrx_word' id='word_1_158' title='bbox 574 3351 799 3449; x_wconf 87' lang='lat' dir='ltr'><strong>longitudine</strong></span> <span class='ocrx_word' id='word_1_159' title='bbox 828 3353 926 3424; x_wconf 87' lang='lat' dir='ltr'><strong>milia</strong></span> <span class='ocrx_word' id='word_1_160' title='bbox 948 3377 1120 3452; x_wconf 88' lang='lat' dir='ltr'><strong>passuum</strong></span> <span class='ocrx_word' id='word_1_161' title='bbox 1148 3377 1168 3422; x_wconf 87' lang='lat' dir='ltr'><strong>a</strong></span> <span class='ocrx_word' id='word_1_162' title='bbox 1193 3347 1321 3423; x_wconf 89' lang='lat' dir='ltr'><strong>Peloro</strong></span> <span class='ocrx_word' id='word_1_163' title='bbox 1352 3373 1466 3446; x_wconf 86' lang='lat' dir='ltr'><strong>usque</strong></span> <span class='ocrx_word' id='word_1_164' title='bbox 1496 3343 1540 3418; x_wconf 87' lang='lat' dir='ltr'><strong>ad</strong></span> <span class='ocrx_word' id='word_1_165' title='bbox 1650 3359 1653 3364; x_wconf 84' lang='lat'>&#39;</span> 
     </span>
    </p>
   </div>
   <div class='ocr_carea' id='block_1_4' title="bbox 515 3465 1545 4046">
    <p class='ocr_par' dir='ltr' id='par_1_4' title="bbox 515 3465 1543 3664">
     <span class='ocr_line' id='line_1_24' title="bbox 515 3465 1543 3564; baseline -0.008 -22"><span class='ocrx_word' id='word_1_166' title='bbox 515 3469 720 3546; x_wconf 89' lang='lat' dir='ltr'><strong>Pachinum</strong></span> <span class='ocrx_word' id='word_1_167' title='bbox 734 3467 1034 3558; x_wconf 76' lang='lat' dir='ltr'><strong>-ctxxxvlt,</strong></span> <span class='ocrx_word' id='word_1_168' title='bbox 1064 3469 1102 3542; x_wconf 93' lang='lat' dir='ltr'><strong>in</strong></span> <span class='ocrx_word' id='word_1_169' title='bbox 1128 3467 1318 3542; x_wconf 88' lang='lat' dir='ltr'><strong>latitudine</strong></span> <span class='ocrx_word' id='word_1_170' title='bbox 1341 3465 1439 3540; x_wconf 86' lang='lat' dir='ltr'><strong>milia</strong></span> <span class='ocrx_word' id='word_1_171' title='bbox 1467 3489 1543 3564; x_wconf 90' lang='lat' dir='ltr'><strong>pas-</strong></span> 
     </span>
     <span class='ocr_line' id='line_1_25' title="bbox 518 3586 957 3664; baseline -0.007 0"><span class='ocrx_word' id='word_1_172' title='bbox 518 3617 627 3664; x_wconf 89' lang='lat' dir='ltr'><strong>suum</strong></span> <span class='ocrx_word' id='word_1_173' title='bbox 647 3586 957 3664; x_wconf 75' lang='lat' dir='ltr'><strong>-CLXXXVllll</strong></span> 
     </span>
    </p>

    <p class='ocr_par' dir='ltr' id='par_1_5' title="bbox 521 3701 1545 4046">
     <span class='ocr_line' id='line_1_26' title="bbox 580 3701 1545 3806; baseline -0.003 -25"><span class='ocrx_word' id='word_1_174' title='bbox 580 3715 626 3806; x_wconf 73' lang='lat'><strong>14</strong></span> <span class='ocrx_word' id='word_1_175' title='bbox 651 3707 740 3783; x_wconf 87' lang='lat' dir='ltr'><strong>Pars</strong></span> <span class='ocrx_word' id='word_1_176' title='bbox 761 3708 884 3782; x_wconf 83' lang='lat' dir='ltr'><strong>ltaliae</strong></span> <span class='ocrx_word' id='word_1_177' title='bbox 907 3709 1034 3782; x_wconf 88' lang='lat' dir='ltr'><strong>linitur</strong></span> <span class='ocrx_word' id='word_1_178' title='bbox 1056 3710 1098 3782; x_wconf 88' lang='lat' dir='ltr'><strong>ab</strong></span> <span class='ocrx_word' id='word_1_179' title='bbox 1127 3707 1262 3782; x_wconf 91' lang='lat' dir='ltr'><strong>oriente</strong></span> <span class='ocrx_word' id='word_1_180' title='bbox 1291 3704 1381 3778; x_wconf 86' lang='lat' dir='ltr'><strong>mari</strong></span> <span class='ocrx_word' id='word_1_181' title='bbox 1404 3701 1545 3778; x_wconf 61' lang='lat' dir='ltr'><strong>adriati-</strong></span> 
     </span>
     <span class='ocr_line' id='line_1_27' title="bbox 523 3821 1544 3930; baseline -0.009 -25"><span class='ocrx_word' id='word_1_182' title='bbox 523 3858 564 3906; x_wconf 87' lang='lat' dir='ltr'><strong>eo</strong></span> <span class='ocrx_word' id='word_1_183' title='bbox 592 3846 630 3903; x_wconf 85' lang='lat' dir='ltr'><strong>et</strong></span> <span class='ocrx_word' id='word_1_184' title='bbox 655 3829 745 3903; x_wconf 81' lang='lat' dir='ltr'><strong>freto</strong></span> <span class='ocrx_word' id='word_1_185' title='bbox 773 3827 870 3930; x_wconf 90' lang='lat' dir='ltr'><strong>quod</strong></span> <span class='ocrx_word' id='word_1_186' title='bbox 899 3846 952 3904; x_wconf 89' lang='lat' dir='ltr'><strong>est</strong></span> <span class='ocrx_word' id='word_1_187' title='bbox 983 3828 1076 3904; x_wconf 89' lang='lat' dir='ltr'><strong>inter</strong></span> <span class='ocrx_word' id='word_1_188' title='bbox 1110 3826 1275 3901; x_wconf 90' lang='lat' dir='ltr'><strong>Siciliam</strong></span> <span class='ocrx_word' id='word_1_189' title='bbox 1304 3841 1340 3897; x_wconf 88' lang='lat' dir='ltr'><strong>et</strong></span> <span class='ocrx_word' id='word_1_190' title='bbox 1368 3821 1544 3911; x_wconf 86' lang='lat' dir='ltr'><strong>ltaliam,</strong></span> 
     </span>
     <span class='ocr_line' id='line_1_28' title="bbox 521 3939 1544 4046; baseline -0.01 -24"><span class='ocrx_word' id='word_1_191' title='bbox 521 3949 564 4022; x_wconf 81' lang='lat' dir='ltr'><strong>ab</strong></span> <span class='ocrx_word' id='word_1_192' title='bbox 580 3947 766 4022; x_wconf 86' lang='lat' dir='ltr'><strong>occidente</strong></span> <span class='ocrx_word' id='word_1_193' title='bbox 782 3947 869 4022; x_wconf 89' lang='lat' dir='ltr'><strong>urhe</strong></span> <span class='ocrx_word' id='word_1_194' title='bbox 883 3945 997 4022; x_wconf 84' lang='lat' dir='ltr'><strong>Roma</strong></span> <span class='ocrx_word' id='word_1_195' title='bbox 1014 3975 1058 4037; x_wconf 92' lang='lat' dir='ltr'><strong>,a</strong></span> <span class='ocrx_word' id='word_1_196' title='bbox 1081 3943 1319 4046; x_wconf 86' lang='lat' dir='ltr'><strong>septentrione</strong></span> <span class='ocrx_word' id='word_1_197' title='bbox 1336 3941 1418 4015; x_wconf 91' lang='lat' dir='ltr'><strong>sinu</strong></span> <span class='ocrx_word' id='word_1_198' title='bbox 1433 3939 1544 4022; x_wconf 83' lang='lat' dir='ltr'><strong>adria-</strong></span> 
     </span>
    </p>
   </div>
   <div class='ocr_carea' id='block_1_5' title="bbox 501 4145 822 4220">
    <p class='ocr_par' dir='ltr' id='par_1_6' title="bbox 501 4145 822 4220">
     <span class='ocr_line' id='line_1_29' title="bbox 501 4145 822 4220; baseline -0.006 -17"><span class='ocrx_word' id='word_1_199' title='bbox 501 4162 503 4166; x_wconf 90' lang='grc'><strong><em>·</em></strong></span> <span class='ocrx_word' id='word_1_200' title='bbox 604 4147 653 4220; x_wconf 86' lang='grc' dir='ltr'><strong>(ι)</strong></span> <span class='ocrx_word' id='word_1_201' title='bbox 673 4147 716 4200; x_wconf 82' lang='lat' dir='ltr'><strong>Its</strong></span> <span class='ocrx_word' id='word_1_202' title='bbox 729 4145 822 4201; x_wconf 76' lang='lat' dir='ltr'><strong>codes.</strong></span> 
     </span>
    </p>
   </div>
   <div class='ocr_carea' id='block_1_6' title="bbox 0 0 1848 5332">
    <p class='ocr_par' dir='ltr' id='par_1_7' title="bbox 0 0 1848 5332">
     <span class='ocr_line' id='line_1_30' title="bbox 0 0 1848 5332; baseline 0 0"><span class='ocrx_word' id='word_1_203' title='bbox 0 0 1848 5332; x_wconf 95' lang='lat' dir='ltr'><strong> </strong></span> 
     </span>
    </p>
   </div>
  </div>
 </body>
</html>
