3646 5342
1235 667 1282 716 vn

293 847 331 892 re
346 820 396 892 sio
411 818 555 892 demum
569 817 707 892 videtur
722 833 818 890 recta
834 817 957 908 statui,
978 833 1020 891 ut
1040 817 1188 918 epitome
1208 845 1313 921 quae·

293 939 374 1012 dam
390 967 432 1012 cx
446 937 611 1040 ampliore
632 965 673 1010 ac
693 935 878 1012 vetustiore
898 937 1172 1039 mythographo,
1192 938 1312 1040 primis

292 1061 367 1134 aeri
385 1059 562 1134 christiani
577 1057 723 1134 maculis
738 1059 999 1150 consarcinata,
1014 1075 1050 1133 et
1064 1057 1195 1160 Hygini
1204 1061 1315 1136 nomi·

292 1207 338 1254 ne
353 1179 536 1269 decorata,
556 1178 600 1252 ad
619 1203 684 1254 noo
699 1178 904 1280 pervenerit.
920 1176 1030 1252 Nunc
1047 1179 1225 1254 'vaticanus
1241 1176 1314 1280 Hy·

293 1297 394 1396 ginus
417 1297 461 1372 ah
484 1296 546 1370 illo
571 1295 663 1370 edito
683 1296 802 1371 diflert
819 1295 974 1370 dictione
992 1313 1090 1387 tots,
1116 1296 1314 1370 fabularum

292 1417 442 1508 ordine,
473 1415 643 1492 librorum
668 1443 847 1510 numero,
877 1443 997 1492 renam
1027 1417 1130 1492 etiam
1160 1417 1313 1518 ipsamm

293 1563 441 1636 genere:
467 1535 598 1610 etenim
626 1534 684 1609 ille
709 1534 822 1610 editus
847 1563 986 1635 graecae
1014 1551 1151 1610 tantum
1178 1533 1311 1610 fabulas

290 1655 422 1745 hahet,
447 1655 624 1729 vaticanus
653 1679 812 1728 romanas
841 1653 968 1728 multas
997 1653 1118 1728 inserit
1144 1652 1309 1727 narratio·

290 1803 362 1852 nes.
393 1774 588 1851 Auctorem
618 1771 777 1874 Hyginus
809 1773 924 1850 editus
946 1773 1132 1850 neminem
1157 1776 1232 1850 fere
1258 1802 1311 1847 rc-

290 1893 481 1969 centiorem
510 1921 615 1969 aureo
646 1891 785 1968 sacerdo
814 1892 956 1968 laudare
988 1893 1154 1991 videtur3
1186 1894 1310 1967 vatica-

289 2043 356 2090 nus
383 2029 502 2088 autem
529 2013 574 2087 ad
602 2009 770 2088 Orosium
794 2041 908 2114 usque
934 2013 1180 2114 progreditur,
1207 2014 1308 2090 cuius

289 2135 468 2212 christiani
491 2133 647 2210 historici
670 2159 801 2209 nomen
825 2136 864 2209 in
884 2135 1000 2210 labula
1028 2133 1201 2211 CCXIX.
1226 2135 1310 2234 legi·

290 2281 391 2331 mus:
411 2253 475 2328 etsi
492 2253 566 2354 ipse
586 2249 745 2358 Hyginus¹
763 2253 943 2329 vaticanus
961 2253 1101 2330 nullum
1119 2281 1310 2356 umquam,

289 2371 358 2446 nisi
385 2371 544 2446 ethnicae
571 2371 822 2472 superstitionis
849 2372 1021 2448 indicium
1049 2399 1132 2474 prae
1164 2401 1201 2450 se
1233 2373 1311 2448 lert

291 2489 455 2564 Serrium
482 2486 642 2590 Hyginus
668 2505 787 2564 noster
810 2491 1017 2570 nominatim
1041 2517 1236 2593 numquam
1254 2518 1313 2591 ap-

288 2611 413 2711 pellat3
430 2611 550 2686 locum
565 2627 683 2686 tamen
700 2610 774 2686 eins
795 2609 833 2683 in
850 2609 966 2686 sabula
979 2609 1150 2686 LXXIV.
1171 2628 1206 2686 et
1224 2611 1311 2686 alios

288 2729 372 2804 alibi
390 2729 455 2803 sibi
472 2728 635 2805 vindicat.
652 2727 881 2828 Fulgenn'um
893 2753 1033 2830 prorsus
1048 2730 1192 2827 ignorat„
1213 2727 1307 2804 Hinc

289 2849 407 2924 nullus
434 2850 583 2942 dubito,
608 2849 695 2952 quin
722 2849 901 2924 vaticanus
930 2847 1091 2950 Hyginus
1117 2849 1156 2922 in
1183 2849 1308 2950 quinto

291 2966 421 3042 Christi
439 2970 577 3046 saeculo
597 2969 820 3045 collocandus
839 2969 915 3044 iure
934 2969 1127 3070 meritoque
1146 2967 1201 3044 sit.

343 3087 411 3164 lll.
436 3085 551 3163 Venio
578 3089 623 3163 ad
652 3088 943 3190 mythographum
973 3087 1150 3177 alterum,
1180 3086 1243 3188 qui
1269 3087 1307 3164 in
1356 3125 1496 3190 synoga-

290 3227 438 3312 utroquc
466 3211 586 3285 codice
616 3226 668 3284 est
691 3235 908 3310 anonymus,
934 3207 1159 3284 christianum
1186 3225 1307 3282 autem
1333 3186 1393 3300 lli?
1413 3206 1494 3240 '‘w“

289 3331 327 3404 in
357 3331 558 3431 prohoemio
586 3347 696 3405 semet
721 3329 863 3431 prodit3
895 3345 930 3402 et
956 3327 1153 3402 fabularum
1185 3353 1309 3404 nume·

289 3477 369 3524 rum
393 3477 510 3551 parem
536 3452 610 3525 iere
638 3449 777 3550 Hygino
803 3449 956 3538 retinet,
987 3447 1093 3521 unico
1123 3463 1239 3522 tamen
1266 3447 1307 3519 li·

289 3573 351 3646 bro
383 3573 635 3648 continuatum
667 3570 826 3646 Priorem
854 3568 1015 3643 hiccine
1044 3568 1151 3642 dubio
1179 3568 1306 3669 expilat

288 3693 601 3796 mythographum‚
627 3691 837 3793 quandoque
866 3689 970 3763 etiam
999 3689 1043 3763 ad
1070 3689 1241 3766 litteram:
1266 3689 1305 3764 in
1456 3699 1460 3711 '

288 3813 461 3915 plerisque
497 3829 615 3888 tamen
654 3812 814 3887 omnihus
857 3811 901 3886 ab
945 3811 1067 3884 eodem
1108 3810 1304 3910 discrepat.

289 3932 403 4010 Porro
445 3934 534 4008 mihi
565 3934 610 4007 de
647 3935 715 4008 hoe
749 3961 924 4034 anonymo
959 3932 1125 4031 cogitanti
1159 3959 1198 4006 ea
1232 3937 1305 4032 opi·

289 4053 349 4126 nio
376 4054 473 4128 valde
492 4053 651 4130 animum
677 4053 830 4143 obsedit,
858 4051 1080 4128 Lactantium
1100 4050 1304 4142 Placidum,
