3666 5338
541 641 584 728 64
814 633 1179 705 MYTHOGRAPHUS
1202 636 1226 702 1.

531 809 625 866 nonio.
644 818 671 862 et
690 804 724 861 ob
750 803 943 860 deformitatem
973 807 1000 858 in
1056 815 1095 860 eet
1113 806 1288 866 mortalibus.
1307 825 1442 868 manerent
1457 817 1524 872 inco

534 899 668 956 montibus
687 913 742 952 cese
766 896 938 954 abscondito.
967 912 999 948 nc
1056 893 1148 947 lurnes.
1161 895 1239 949 Forte
1251 895 1339 952 Ulixes
1351 901 1455 954 monitu
1469 903 1525 956 Cir-

534 990 601 1061 quid
619 989 676 1042 eiua
693 995 795 1058 praeter
814 1001 902 1038 vocem
923 981 1001 1052 inspi-
1058 995 1100 1032 ces
1132 979 1203 1034 filiae
1234 982 1295 1036 solis
1330 996 1524 1056 praetervectus

533 1080 558 1132 ci
584 1087 685 1150 posset.
714 1091 784 1142 quae
811 1084 897 1126 tamen
926 1081 985 1140 post
1057 1080 1111 1124 est:
1132 1081 1188 1124 tum
1206 1087 1233 1124 te
1251 1071 1504 1144 praecipitaverunt.

533 1163 636 1218 obitum
657 1160 758 1214 audita.
777 1157 933 1226 Narcyssnm
958 1175 1001 1208 au·

534 1262 587 1304 tem
605 1265 685 1319 snpra
704 1247 805 1298 dictum
831 1244 864 1296 ob
892 1243 1001 1295 iniuriam
1098 1243 1158 1321 187.
1176 1248 1292 1300 Latonae
1310 1259 1337 1301 et
1355 1248 1483 1317 lyciorum

534 1337 734 1390 crudelitatem,
762 1349 841 1403 quam
871 1331 898 1383 in
927 1331 999 1384 Echo
1215 1335 1380 1390 rusticorum.

534 1421 690 1477 exhibebat.
710 1419 838 1476 Nemesis.
853 1417 881 1469 id
894 1428 935 1470 est
947 1415 998 1469 lor·

533 1523 600 1566 tuna
616 1509 697 1562 ultrix
725 1506 935 1561 fastidientium.
969 1505 998 1556 in
1090 1449 1219 1562 Latona
1237 1510 1301 1564 Coei
1325 1513 1438 1581 gigantis
1452 1515 1520 1572 filia,

533 1613 645 1652 amorem
665 1595 707 1649 sui
732 1595 859 1666 pertulit.
887 1604 918 1646 ut
946 1611 999 1645 non
1055 1595 1522 1658 eumluuouisiraobadultcrium.

532 1686 627 1740 minori
646 1685 748 1736 flarnmn
775 1700 805 1734 oc
832 1681 877 1733 illa
904 1699 1000 1732 crure·
1054 1695 1086 1731 ex
1117 1679 1180 1733 love
1201 1692 1340 1752 conceptue
1367 1684 1516 1756 Apollinem

532 1785 613 1829 retur.
630 1771 684 1842 Qui
701 1787 760 1823 eum
787 1769 893 1824 assideo
917 1787 1000 1821 verro·
1056 1777 1084 1819 et
1102 1767 1213 1848 Dianam
1232 1787 1323 1842 parere
1342 1790 1394 1825 non
1417 1785 1521 1843 posset,

532 1862 605 1916 tione
641 1859 769 1926 fatigatur
799 1857 874 1911 iuxta
901 1855 999 1908 iontem
1054 1851 1180 1924 nullaque
1210 1868 1340 1912 errantem
1367 1876 1424 1911 eam
1452 1863 1522 1930 regio

533 1952 562 2005 in
580 1965 662 2022 opaco
681 1943 881 2020 procubuieact.
893 1955 921 1996 et
933 1942 999 1993 irau-
1055 1943 1217 2016 conciperem
1237 1946 1378 2000 novissime
1396 1947 1470 2002 venit
1491 1950 1520 2002 in

531 2039 601 2092 riena
618 2051 716 2108 aquam
733 2031 934 2088 similitudinem
955 2033 997 2084 sui
1054 2030 1178 2104 Lyciam:
1195 2043 1223 2088 et
1241 2051 1301 2088 cum
1313 2037 1407 2089 ardore
1420 2036 1521 2092 aestivo

531 2124 723 2198 conspexisset.
741 2131 769 2175 et
782 2120 885 2174 diutina
900 2116 997 2172 ibidem
1053 2120 1128 2176 eitim
1145 2123 1236 2178 nederc
1254 2125 1347 2184 vellet.
1366 2123 1453 2180 abhis
1470 2127 1518 2197 qui

529 2221 675 2266 moraretur
698 2246 705 2267 .
739 2205 879 2262 novissime
920 2216 997 2258 extu·
1053 2211 1161 2266 iuncum
1188 2211 1309 2281 legebant
1337 2230 1411 2268 mu,
1437 2214 1520 2274 tirus,

529 2299 607 2356 buit.
634 2297 673 2351 ita
698 2306 730 2348 ut
753 2293 810 2348 vlle
836 2291 996 2364 ptl'ffll'l'·
1053 2298 1189 2372 prohibita
1207 2311 1249 2356 eat
1277 2303 1409 2356 accedere
1435 2302 1522 2374 Quam

529 2387 570 2440 Ex
587 2383 663 2436 culus
686 2379 806 2450 reliqniis
834 2379 880 2432 ssot
905 2377 998 2430 extitit
1051 2385 1087 2440 ὼ
1106 2403 1161 2440 rem
1179 2387 1219 2440 im
1233 2389 1521 2462 aecenffipegitgdi.

528 2493 608 2558 quem
626 2471 741 2528 Naindce
758 2469 889 2540 nymphae
906 2467 997 2520 ile-uteo
1052 2474 1091 2533 ie.
1110 2486 1142 2528 ut
1160 2491 1303 2544 numquam
1320 2486 1413 2544 stagno
1441 2491 1520 2528 acco·

528 2581 618 2618 cneum
637 2559 742 2617 iratria.
760 2555 886 2627 Mercyaci
908 2555 996 2609 nomi-
1051 2560 1093 2612 lae
1108 2571 1237 2615 urerent,
1248 2560 1358 2615 Auditis
1376 2557 1520 2633 precibus.

528 2671 563 2710 ue
581 2660 720 2708 notarunt.
1052 2647 1173 2720 luppiter
1192 2647 1318 2716 agricolas
1348 2650 1376 2703 in
1406 2650 1520 2722 speciem

1051 2753 1175 2790 ranarum
1193 2735 1335 2790 convertit.

530 2827 588 2886 186.
608 2826 728 2880 Sirenum
746 2833 775 2877 et
794 2822 976 2895 Proserpinae.

1035 2909 1095 2968 188.
1106 2913 1215 2968 Medeae
1224 2949 1231 2970 .
1241 2921 1270 2965 et
1288 2912 1390 2966 laconis
1401 2950 1409 2970 .
1419 2924 1445 2967 et
1460 2913 1539 2970 Aeso-

562 2947 690 3062 Sirenea
717 2999 826 3054 Acheloi
855 3001 932 3055 fluvii
968 3009 995 3052 et
1050 2999 1107 3058 nit.
1126 3009 1154 3054 et
1166 3001 1312 3055 nutricium
1327 2999 1535 3072 Liberi-patria.

527 3093 704 3164 Melpomenes
721 3105 811 3142 musae
829 3087 916 3144 filiae.
934 3103 994 3139 cunr
1018 3069 1024 3084 ”

526 3179 709 3252 Proserpinam
740 3187 843 3247 raptam
875 3178 994 3246 require·
1086 3121 1178 3235 Iason
1197 3191 1337 3253 postquam
1356 3181 1476 3236 Medeam
1489 3180 1518 3234 in

526 3283 602 3328 rent.
621 3279 649 3322 et
666 3284 723 3321 em
741 3266 847 3319 minime
874 3263 993 3318 invenis·
1050 3269 1189 3322 Graeciam
1208 3271 1301 3328 duxit.
1319 3270 1447 3341 promisco
1465 3269 1519 3322 sibi

525 3371 600 3417 aeut,
619 3374 709 3412 verane
726 3365 789 3409 eunt
808 3354 836 3407 in
858 3353 992 3412 volucres.
1048 3356 1172 3424 coniugio
1190 3357 1341 3428 copularit.
1360 3356 1451 3410 multis
1475 3371 1519 3409 re·

525 3457 558 3502 ut
575 3463 628 3499 nou
646 3455 750 3498 tautum
771 3441 799 3494 in
827 3440 920 3498 terris,
946 3440 993 3494 ted
1046 3439 1097 3496 bue
1127 3455 1251 3515 expertus
1280 3442 1415 3511 ingenium
1444 3441 1518 3498 eius,

526 3536 555 3588 in
573 3533 660 3590 mari.
687 3531 843 3603 requieitam
870 3529 993 3600 persequi
1046 3527 1115 3600 petit
1134 3540 1166 3583 ut
1183 3540 1319 3600 parentem
1338 3531 1467 3584 Acconenr
1489 3529 1516 3581 in

523 3630 639 3693 possent·
659 3617 804 3674 Novissime
831 3616 994 3671 devenerunt
1048 3614 1254 3669 adulescentiam
1278 3616 1444 3687 perduceret.
1471 3613 1518 3688 leit

525 3710 560 3762 ad
578 3718 679 3780 petram
706 3706 817 3764 Martie.
842 3721 912 3776 quae
940 3704 994 3759 im·
1047 3699 1093 3755 illa
1112 3701 1230 3756 nondum
1255 3719 1342 3757 amore
1369 3703 1516 3776 deponito.

522 3796 641 3852 mittebat
660 3795 778 3866 proximo
805 3793 906 3866 pelago·
934 3793 991 3847 lla-
1045 3808 1123 3862 qucm
1142 3790 1170 3844 in
1188 3791 1370 3849 eumhabuit,
1388 3791 1457 3846 nihil
1473 3791 1518 3845 de·

523 3903 582 3937 rum
616 3881 708 3952 itaque
742 3881 827 3936 latum
854 3881 931 3940 luit,
959 3892 990 3936 ut
1046 3880 1167 3950 negando
1186 3880 1230 3938 ei.
1250 3880 1363 3936 menum
1382 3882 1519 3937 constitu-

523 3971 651 4044 quamdiu
670 3973 759 4025 earum
777 3989 829 4027 vox
849 3969 943 4025 andita
955 3987 991 4024 et·
1046 3970 1084 4030 it.
1101 3967 1241 4025 herbarum
1268 3987 1361 4040 genera
1375 4009 1382 4030 .
1398 3971 1517 4044 {quarum
