3638 5332
527 675 603 770 408
863 664 951 740 oanis
968 689 1153 738 amcam

554 861 606 952 40
632 853 676 927 ln
709 852 827 952 primis
862 878 943 948 ergo
969 847 1135 922 Rhodum
1160 875 1363 947 ponamus,
1389 852 1426 922 in
1453 878 1533 952 qua·

503 975 620 1049 civitas
639 972 785 1048 maxima
807 970 873 1042 luit
885 1027 895 1059 ‚
908 996 997 1068 quae
1017 969 1060 1040 ab
1081 966 1207 1041 iraDei
1227 970 1386 1044 subversa
1398 972 1521 1070 esth).

503 1094 547 1168 In
579 1093 643 1167 hac
675 1108 786 1166 statua
816 1089 923 1162 mirae
960 1087 1208 1184 magnitudinis
1237 1146 1247 1177 ‚
1273 1087 1524 1188 quam'Colos·

505 1239 604 1286 seum
629 1211 837 1298 nominant,
857 1207 965 1307 posita
992 1223 1062 1282 est.
1085 1203 1254 1306 Sequitur
1279 1203 1417 1296 Delus,
1436 1235 1524 1306 quae

504 1337 543 1408 in
562 1333 677 1406 medio
701 1329 895 1428 Cycladum
914 1327 1005 1416 sita,
1031 1327 1069 1398 in
1097 1355 1165 1427 qua
1191 1325 1323 1400 Latona
1349 1327 1449 1401 enixa
1475 1344 1528 1400 est

506 1453 707 1554 Apollinem
733 1470 769 1524 et
794 1449 976 1524 Dianam.
1002 1447 1090 1522 lude
1118 1446 1284 1522 Tenedus
1313 1507 1323 1537 ,
1349 1449 1432 1522 inde
1458 1446 1527 1522 lm·

505 1573 621 1661 brus,
648 1597 736 1670 quae
763 1566 901 1640 Imbrus
935 1565 1081 1639 multam
1110 1583 1239 1639 vestem
1265 1566 1456 1665 leporinam
1481 1566 1527 1638 ei-

507 1691 554 1762 cit
593 1747 602 1778 ,
635 1705 778 1788 propter
811 1686 1084 1760 habundantiam
1124 1686 1325 1758 animalium
1361 1715 1449 1787 quae
1489 1688 1527 1758 in

508 1807 628 1882 eadem
656 1807 722 1879 suit
749 1865 757 1881 .
785 1805 874 1878 lnde
908 1803 1064 1878 Lemnus
1090 1804 1223 1878 adiacet
1255 1862 1265 1894 ‚
1296 1821 1331 1876 et
1357 1806 1427 1905 ipsa
1453 1832 1525 1879 mo·

507 1928 623 2000 derate
644 1925 708 1998 sibi
727 1925 927 2012 sufficiens,
948 1940 983 1996 et
1002 1923 1123 1998 vinum
1141 1923 1329 2022 plurimrun
1349 1925 1462 1998 ferens
1476 1927 1527 2026 (a)

508 2043 740 2120 Macedoniae
760 2044 866 2118 mittit
892 2060 926 2116 et
952 2039 1121 2116 Thraciae
1141 2042 1284 2140 regioni.

561 2169 606 2260 [μ
638 2161 725 2236 Post
751 2159 920 2262 Cycladas
949 2159 1090 2234 Cretam
1115 2161 1269 2234 invenies
1289 2161 1437 2235 insulam
1461 2188 1532 2236 ma·

511 2309 615 2381 gnam
639 2339 648 2372 ,
675 2309 763 2382 quae
791 2297 935 2354 centum
960 2305 1107 2352 numero
1128 2278 1320 2352 civitatibus
1340 2295 1459 2354 ornata
1477 2307 1531 2353 re-

510 2407 656 2491 fertur,
688 2418 723 2473 et
748 2417 799 2472 est
824 2401 861 2472 in
889 2399 1049 2474 omnibus
1075 2399 1169 2472 dives
1203 2416 1238 2472 et
1267 2399 1364 2472 valde
1396 2399 1531 2474 mirabi-

511 2522 554 2594 lis
578 2579 588 2610 ‚
614 2545 703 2619 quae
730 2518 833 2592 etiam
855 2517 973 2590 vinum
994 2517 1163 2617 optimum
1182 2519 1297 2591 ferens
1321 2574 1331 2606 ‚
1356 2518 1460 2590 habet
1479 2523 1530 2591 in·

512 2655 569 2712 ter
595 2639 676 2712 alias
702 2637 885 2711 maximam
917 2638 1089 2712 civitatem
1120 2665 1209 2738 quae
1239 2654 1382 2712 vocatur
1409 2635 1533 2738 Gorty·

514 2785 595 2845 na,
626 2757 664 2828 in
690 2781 760 2854 qua
786 2771 820 2826 et
846 2755 1051 2845 circenses,
1078 2773 1113 2828 et
1137 2756 1202 2828 viri
1221 2785 1263 2830 ex
1281 2773 1376 2856 parte
1403 2756 1530 2830 eruditi

518 2902 590 2948 esse
617 2873 802 2946 dicuntur.
826 2870 914 2947 lnde
945 2873 1087 2948 Cithera
1110 2929 1120 2962 ,
1146 2872 1348 2974 Zacynthus
1372 2931 1382 2966 ,
1408 2891 1443 2948 et
1470 2871 1537 2948 Ce-

519 2995 712 3094 phalonia‚
739 2995 904 3068 hahentes
929 2997 1171 3070 habundanter
1196 2997 1311 3070 omnia
1336 2997 1439 3070 bona.

572 3121 621 3212 4²
650 3115 735 3190 Post
760 3117 821 3190 has
847 3117 976 3216 optima
1001 3116 1157 3216 sequitur
1176 3133 1211 3192 et
1229 3117 1376 3192 maxirna
1398 3114 1537 3190 Siciliae

517 3232 629 3305 insula
663 3291 672 3323 ‚
704 3261 792 3334 quae
827 3251 967 3334 propter
997 3232 1202 3308 soliditatem
1232 3251 1342 3307 terrae
1372 3235 1538 3309 disserens

520 3352 642 3426 ceteris
662 3351 784 3424 insulis
809 3351 987 3425 invenitur
1008 3381 1016 3428 ε
1041 3351 1152 3458 multa
1170 3351 1265 3426 enim
1284 3369 1319 3426 et
1339 3355 1462 3452 magna
1480 3355 1540 3426 bo-

520 3499 567 3544 na
593 3499 793 3570 generans,
821 3471 981 3546 omnihus
1007 3471 1142 3572 mittit:
1167 3471 1244 3546 lana
1271 3500 1410 3573 quoque
1433 3527 1444 3562 ‚
1470 3473 1540 3546 hu·

522 3607 641 3663 mento
657 3647 668 3678 ‚
682 3607 716 3662 et
735 3590 898 3664 iumentis
917 3590 1103 3665 habundat.
1116 3589 1229 3666 Habet
1247 3607 1365 3665 autem
1385 3592 1538 3666 eruditos

524 3726 558 3782 et
584 3708 704 3782 divites
729 3710 818 3783 viros
845 3738 966 3808 graeco
986 3711 1161 3813 latinoque
1181 3739 1349 3786 sermone.
1369 3710 1468 3785 Inter
1487 3739 1541 3784 ce·

603 3869 642 3941 (r)
663 3869 762 3922 Terrae
778 3881 850 3924 motu
868 3871 970 3926 scilicet
980 3911 987 3932 ,
997 3891 1066 3928 auno
1077 3873 1230 3928 Constantii
1243 3873 1306 3946 imp·
1316 3886 1427 3934 octavo,
1437 3887 1468 3930 ut
1477 3875 1530 3930 ce-

535 3954 633 4008 drenm
653 3967 753 4009 narrat.

607 4039 649 4114 (a)
669 4043 724 4094 lam
746 4041 834 4096 indeo
848 4043 939 4098 unicis
948 4043 1109 4117 temporibus
1120 4083 1128 4106 ‚
1141 4058 1209 4103 terre
1218 4047 1330 4102 homero
1342 4046 1528 4105 iliad-vum„
