3638 5332
622 646 679 696 sm
697 641 893 693 cormisrro
912 641 981 692 m.
1210 623 1286 726 389

295 823 331 878 et
356 803 580 906 Thucydides
598 806 720 880 similia
740 807 1047 908 conscripserim,
1073 807 1134 884 sed
1153 837 1227 885 nou
1245 811 1314 884 val·

294 923 338 996 de
357 923 401 995 de
422 925 583 1026 antiquis.
603 923 651 998 Et
668 925 754 998 haec
780 925 923 1026 quidem
948 925 1008 1000 illi.
1028 923 1103 1026 Ego
1122 945 1240 1002 autem
1265 928 1310 1003 de

291 1044 418 1144 quibus
436 1046 617 1122 memorati
637 1046 848 1148 scripserunt
870 1104 879 1137 ‚
907 1047 1061 1148 experiar
1079 1051 1142 1122 tilii
1162 1049 1311 1126 breviter

293 1191 475 1264 exponere.

346 1286 368 1358 3
397 1283 531 1359 Gentes
558 1286 662 1359 aiunt
681 1313 753 1360 esse
776 1283 1048 1360 Camarinorum
1075 1289 1113 1362 iu
1146 1292 1305 1389 partibus

299 1404 444 1477 orientis
476 1463 486 1494 ‚
523 1405 626 1479 cuius
657 1423 786 1478 terram
812 1403 955 1504 Moyses
981 1403 1082 1481 Eden
1121 1411 1307 1483 nominan-

294 1521 341 1594 do
374 1522 560 1622 descripsit
587 1555 597 1598 :
630 1525 726 1598 unde
760 1541 797 1597 et
833 1524 963 1598 fluvius
1003 1525 1176 1600 maximus
1213 1527 1307 1602 exire

292 1640 428 1714 dicitur
450 1698 461 1729 ‚
486 1657 524 1713 et
548 1641 659 1716 dividi
687 1643 724 1715 in
752 1659 906 1744 quatuor
932 1642 1085 1718 flumina
1115 1701 1125 1734 ,
1151 1671 1307 1746 quorum

295 1759 438 1832 nomina
458 1777 544 1832 sunt
562 1761 651 1833 haec
672 1758 803 1848 Genu,
823 1757 985 1848 Phison,
1006 1757 1151 1858 Tigris,
1176 1777 1214 1834 et
1232 1759 1307 1836 Eu·

292 1876 430 1974 phrates
454 1877 518 1976 (1).
532 1876 598 1950 Isti
625 1894 747 1950 autern
771 1875 933 1949 homiues
957 1933 967 1964 ‚
992 1877 1057 1976 qui
1090 1879 1310 1976 praedictam

295 2015 423 2070 terram
449 1995 684 2086 inhabitant,
711 2012 797 2068 sunt
821 1995 922 2068 valde
950 1994 1001 2095 pii
1029 2013 1066 2069 et
1083 1996 1169 2070 honi
1193 2053 1204 2088 ,
1225 2015 1314 2098 aput

293 2141 382 2213 quos
408 2113 508 2188 nulla
536 2113 673 2186 malitia
702 2113 885 2186 iuvenitur
911 2139 1029 2214 neque
1066 2114 1219 2214 corporis
1251 2143 1314 2190 ne-

289 2261 360 2332 que
388 2231 506 2306 animi
529 2229 572 2303 Si
599 2232 733 2334 aliquid
752 2233 803 2304 vis
825 2230 958 2305 certius
985 2230 1155 2321 discere,
1180 2231 1313 2308 dicunt

288 2378 346 2425 eos
372 2349 468 2451 quod
492 2378 608 2450 neque
636 2378 726 2451 pane
752 2351 822 2424 hoc
849 2367 969 2423 nostro
998 2349 1182 2424 communi
1208 2366 1310 2426 utan-

292 2488 373 2559 tur,
391 2498 461 2542 nec
481 2469 600 2572 aliquo
621 2470 729 2544 simili
749 2469 851 2560 cibo,
872 2497 941 2544 nec
961 2471 1041 2569 igne
1061 2497 1134 2571 quo
1152 2496 1220 2544 nos
1241 2470 1312 2543 uti·

294 2615 404 2685 mur3
426 2589 486 2663 sed
508 2617 636 2688 panem
656 2591 801 2692 quidem
821 2590 872 2663 eis
892 2589 970 2691 plui
996 2593 1048 2692 (a)
1071 2618 1135 2692 per
1156 2588 1314 2687 singulos

290 2707 366 2782 dies
386 2727 571 2800 asserunt,
586 2727 623 2784 et
641 2709 761 2788 bibere
781 2710 825 2784 de
846 2710 976 2809 agresti
995 2709 1097 2784 melle
1118 2727 1155 2784 et
1174 2709 1308 2811 pipere.

290 2825 388 2924 Ignis
416 2845 537 2900 autem
563 2854 689 2902 eorum
715 2827 798 2901 solis
825 2857 901 2902 csse
928 2828 1136 2930 perhibetur
1162 2827 1311 2925 flagran-

288 2945 392 3034 tiae,
419 2963 461 3018 ut
487 2947 607 3020 statim
633 2947 728 3049 quod
756 2977 776 3021 e
805 2949 901 3022 caelo
923 2947 960 3019 in
983 2963 1114 3021 terram
1140 2946 1310 3020 diffundi·

285 3080 346 3137 tur
368 3119 378 3152 ‚
405 3065 607 3164 potuissent
632 3093 754 3153 omnes
780 3066 884 3140 exuri
908 3065 1011 3156 ,nisi
1032 3092 1068 3137 se
1090 3066 1162 3139 cito
1183 3065 1221 3138 in
1241 3065 1308 3140 flu·

284 3182 383 3256 vium
401 3183 586 3256 mitterent
608 3241 619 3273 ‚
640 3184 677 3255 in
698 3213 769 3284 quo
790 3183 928 3258 tamdiu
947 3182 1139 3258 volvuntur
1162 3238 1172 3272 ,
1191 3182 1308 3258 donec

291 3405 350 3442 rum
373 3387 478 3442 illorum
498 3388 617 3442 innunt.
628 3389 722 3460 Neque
733 3391 880 3444 Menander
896 3401 958 3462 post
984 3389 1125 3460 losephutn
1143 3387 1222 3453 luite
1243 3399 1295 3444 ete·

297 3477 352 3528 nim
370 3494 385 3527 a
404 3475 516 3546 losepho
534 3477 635 3530 citatur
660 3476 799 3534 tib.1.18.
813 3489 906 3532 eontra
927 3478 1065 3550 Apioncm·

369 3565 409 3634 (r)
428 3565 501 3616 llaec
523 3566 557 3617 de
574 3566 657 3618 saeris
674 3565 768 3620 bibliis
786 3578 946 3632 sumuntur3
965 3565 1105 3636 sequentia
1125 3582 1189 3620 vero
1204 3565 1247 3622 vel
1263 3583 1296 3620 cx

292 3649 447 3702 ludaeorum
469 3653 601 3720 corruptis
623 3652 837 3711 traditionibus,
856 3653 897 3708 vel
920 3653 1030 3725 potius.
1050 3663 1080 3706 ut
1101 3662 1191 3706 noster
1206 3651 1296 3706 innuit

296 3735 324 3788 in
340 3736 514 3807 prohoemio.
530 3755 563 3792 ex
575 3741 671 3794 Beroso
686 3740 889 3811 comecutirque
909 3739 1046 3794 historicis
1061 3739 1178 3793 ethnicis
1196 3739 1239 3795 rel
1257 3737 1297 3792 la·

292 3821 402 3878 bulosis.

366 3907 407 3980 (2)
426 3907 516 3978 Imago
529 3923 634 3985 sumpta
648 3913 683 3968 de
703 3913 785 3968 sacris
803 3909 906 3966 bibliis.
919 3910 1081 3982 intelligitur
1097 3922 1186 3966 autem
1204 3913 1296 3988 δροσό-

294 4001 375 4070 μιλι,
393 4013 508 4050 manan-
