3646 5342
529 642 585 694 XVI

502 799 697 874 sabulamm
705 795 906 888 libros,uon
916 795 1093 871 modicum
1103 797 1257 872 laborem
1266 798 1404 901 pertuli:
1420 798 1518 872 scho-

503 916 549 992 lia
564 935 679 994 tamen
696 945 773 992 mea
788 916 885 992 nulla
897 913 1148 1018 propemodum
1163 917 1305 1008 addidi,
1321 945 1366 993 ne
1388 917 1516 992 molem

503 1038 686 1114 voluminis
698 1037 800 1112 nimis
814 1063 996 1136 augerem:
1015 1037 1116 1114 cuius
1128 1039 1180 1112 rei
1192 1039 1299 1138 gratia
1312 1037 1456 1113 minutis
1468 1053 1517 1111 et-

502 1159 572 1232 iam
590 1159 679 1260 typis
697 1185 781 1233 usus
801 1183 898 1249 sum,
917 1158 1105 1260 quominus
1125 1158 1278 1234 chartam
1296 1141 1517 1234 innumeram

502 1277 695 1354 lectoribus,
708 1275 793 1349 meis
812 1275 1017 1353 obiicerem:
1035 1304 1123 1378 quos
1142 1277 1245 1352 etiam
1262 1277 1350 1360 illud
1370 1303 1443 1351 non
1463 1303 1518 1350 ce·

503 1397 606 1487 labo,
631 1421 687 1470 me
714 1391 873 1469 videlicet
901 1393 1078 1496 complura
1103 1397 1430 1498 mythographorum
1457 1395 1517 1468 ho·

502 1543 583 1590 rum
611 1511 801 1606 vocabula,
826 1539 941 1616 quae,
968 1533 1009 1590 ut
1039 1515 1081 1590 fit
1108 1516 1147 1590 in
1180 1517 1318 1592 ethnica
1350 1516 1518 1618 mytholo-

503 1635 580 1736 gie,
605 1635 742 1737 pudicis
761 1635 902 1710 auribus
927 1635 1113 1735 ingratiora
1136 1636 1363 1726 accidissent,
1389 1637 1517 1736 euphe-

502 1754 633 1829 rnismis
649 1753 908 1829 commutavisse
929 1766 954 1802 “
977 1770 1167 1857 utcumque
1187 1754 1301 1830 serent
1316 1781 1356 1828 ea
1372 1755 1441 1828 sata
1455 1754 1518 1826 mi·

501 1905 614 1952 nores.
643 1933 668 1968 „
694 1876 891 1954 Auctorum
915 1875 1014 1978 apud
1033 1876 1095 1950 hos
1118 1875 1384 1976 mytbographos
1405 1874 1519 1975 appel·

501 1997 837 2098 latorumsyllabum
856 1997 998 2099 scripsi:
1023 1995 1200 2070 latinitatis
1218 2011 1335 2100 tamen
1354 2020 1443 2068 nova
1461 2020 1519 2066 vo-

502 2117 645 2208 cabula,
671 2145 759 2219 quae
774 2119 919 2220 sparsim
936 2117 1117 2206 videbam,
1134 2114 1315 2216 philologis
1333 2140 1374 2188 ac
1393 2112 1519 2188 lexico·

501 2235 640 2337 graphia
661 2236 855 2336 colligenda
874 2236 1036 2337 permisi:
1060 2262 1080 2309 a
1100 2235 1227 2336 quibus
1252 2233 1355 2307 etiam
1373 2233 1519 2307 scholio-

500 2379 581 2428 rum
607 2353 651 2427 ad
677 2355 740 2428 hos
764 2355 1005 2455 mythograhos
1030 2369 1236 2454 apparatum
1261 2350 1409 2426 subinde
1436 2378 1518 2426 con·

501 2473 719 2548 cinnandum
737 2501 897 2572 auguror.
924 2472 1070 2547 Interim
1088 2470 1207 2544 laetari
1225 2471 1329 2562 licet,
1350 2472 1444 2574 quod
1464 2471 1518 2546 his

500 2623 520 2668 a
546 2621 602 2668 me
634 2593 813 2669 codicibus
838 2593 962 2684 editis,
987 2609 1058 2667 tres
1076 2591 1228 2690 insignes
1251 2593 1517 2694 mythograpbos

501 2712 709 2815 Hyginum,
738 2712 951 2804 Placidum,
984 2729 1019 2786 et
1047 2709 1263 2802 Leontium,
1295 2710 1518 2814 adquisivisse
1604 2761 1607 2768 ι

499 2833 668 2910 videmur.

321 2952 370 3060 Αἲξ
386 2965 408 3060 ’ζ
426 2959 481 3060 23·
557 2951 606 3026 X.
641 2950 785 3026 Praeter
819 2953 882 3026 hos
916 2953 1026 3025 bonos
1045 2967 1093 3024 'st
1124 2950 1281 3024 classicos
1296 2949 1326 3040 ,'
1340 2951 1398 3025 alii
1432 2981 1518 3053 quo-

499 3099 568 3176 que
588 3089 671 3148 sunt
689 3071 900 3146 barbariores
918 3071 956 3146 in
975 3071 1130 3147 vaticana
1153 3070 1361 3146 bibliotheca
1384 3075 1517 3174 mytho·

500 3193 587 3294 logi:
605 3220 692 3294 quos
711 3191 803 3266 inter
821 3192 963 3294 quidam
980 3192 1074 3266 haud
1093 3192 1342 3294 paenitendus,
1361 3219 1428 3268 nec
1448 3194 1515 3267 val-

499 3312 544 3388 de
568 3330 686 3390 tamen
704 3313 893 3415 antiquus,
920 3313 1093 3388 ovidianas
1112 3313 1290 3414 plerasque
1314 3313 1447 3386 fabulas
1466 3311 1516 3386 di-

499 3433 603 3507 versis
626 3463 647 3507 a
670 3433 814 3508 Placido
832 3434 1085 3509 narrationibus
1105 3451 1213 3511 ornat.
1242 3432 1397 3508 Conradi
1421 3459 1516 3532 prae-

498 3567 592 3624 terea
611 3551 772 3626 canonici
798 3552 941 3651 tigurini
961 3552 1211 3652 mythologium
1230 3552 1384 3652 amplum
1403 3549 1517 3626 erudi·

500 3686 645 3770 tumque
672 3669 828 3769 legebam
856 3669 993 3744 saeculo
1019 3670 1125 3746 XIII.
1152 3670 1404 3771 compositum,
1432 3648 1514 3742 luce

373 3827 375 3830 ·
454 3837 455 3840 =
500 3807 616 3864 autem
636 3817 828 3891 numquam
848 3791 1025 3866 donatum.
1051 3789 1184 3866 Verum
1202 3790 1265 3864 hos
1289 3788 1441 3890 aliosque
1465 3815 1516 3862 se-

498 3909 627 4011 quioris
655 3910 728 3984 aevi
756 3911 969 4010 mythologos
998 3910 1087 4012 typis
1114 3910 1199 3988 meis
1229 3908 1413 3984 tradendos
1440 3935 1514 3981 non

499 4030 656 4111 iudicavi.
689 4029 814 4109 Unum
841 4032 1114 4136 praetermittere
1140 4031 1239 4109 nolui
1265 4027 1414 4108 Martini
1443 4029 1517 4104 bra·
