3666 5338
721 673 848 740 LlBEll
871 673 914 738 ll.
1272 673 1313 740 tt

331 843 402 897 illaro
436 843 499 894 nori
522 839 624 908 generis
646 838 799 911 eruditio·
923 841 982 914 rip.
1002 837 1041 892 lle
1059 839 1253 908 Clytemestra

327 947 388 982 nenr
402 929 519 982 rotavit.
549 929 620 980 luter
638 943 707 997 quos
732 928 794 980 Ata·
944 937 970 979 et
988 927 1082 984 Oreste
1101 926 1156 980 lilio
1174 927 1240 982 eius.

327 1017 400 1071 lante
417 1015 541 1071 convenit
554 1015 618 1069 lasii
638 1014 709 1072 lilia.
727 1033 794 1068 sum

326 1123 369 1156 nra
386 1106 524 1168 senserim
546 1121 615 1175 quae
635 1103 663 1155 in
681 1101 795 1156 saltibus
885 1045 1105 1172 Clytemestra
1114 1101 1166 1156 luit
1174 1120 1240 1158 uxor
1250 1103 1315 1174 Aga·

326 1193 412 1264 prima
425 1193 543 1248 omniurn
563 1191 729 1262 praedictum
748 1208 793 1262 ap
846 1191 1010 1250 temonis.
1039 1191 1088 1262 qui
1114 1209 1173 1244 curu
1199 1209 1318 1248 resersus

325 1299 384 1333 run
404 1281 502 1350 sagitta
530 1279 669 1350 peremt-
697 1279 792 1332 Postea
847 1289 914 1334 esset
935 1279 968 1334 tle
993 1279 1062 1334 bello
1085 1281 1204 1338 troiano.
1230 1282 1317 1336 inter·

325 1369 455 1436 Meleager
467 1366 616 1420 venientem
628 1367 655 1420 io
666 1384 694 1422 sa
711 1364 793 1419 ierem
847 1365 930 1420 lectus
947 1379 987 1422 est
1006 1385 1052 1439 per
1066 1367 1219 1436 Aegisthum
1234 1368 1317 1422 adul-

324 1457 429 1528 exnepit
441 1455 641 1528 interemitque:
656 1469 683 1510 et
700 1453 791 1526 gratus'
846 1471 938 1514 terum·
953 1459 1019 1512 Nam
1035 1475 1093 1510 cum
1105 1458 1233 1528 ingressus
1251 1459 1317 1514 luis·

325 1549 451 1606 adrasus
471 1548 598 1622 puellam.
626 1565 696 1620 quae
722 1548 792 1602 inter
847 1559 887 1600 set
913 1545 1019 1598 dornutn
1047 1562 1135 1604 suarn.
1161 1545 1261 1600 obtulit
1290 1545 1315 1600 ei

324 1638 395 1694 viros
413 1655 534 1693 suceesw
552 1638 662 1692 virtutis
683 1636 791 1691 enitue·
846 1634 1037 1702 clytemnestra
1055 1645 1151 1687 vestem
1170 1633 1229 1688 sine
1243 1633 1315 1706 eapi-

322 1737 382 1783 rat.
400 1726 494 1798 pellem
510 1724 621 1778 monstri
643 1723 714 1776 illius
732 1740 790 1776 eum
844 1721 903 1788 einr
929 1739 1009 1792 quaro
1026 1738 1085 1774 cunr
1105 1721 1182 1776 vellet
1203 1721 1313 1776 intluere

322 1813 410 1884 eapite
438 1812 472 1865 ad
500 1811 587 1864 laudis
615 1810 686 1864 illius
712 1811 791 1864 testi-
846 1822 873 1865 et
891 1809 1023 1882 'capicium
1041 1809 1159 1864 invenire
1180 1829 1232 1864 non
1250 1827 1313 1882 pos-

322 1901 440 1956 monium
460 1902 485 1954 ei
508 1901 592 1954 dedit·
619 1901 671 1955 Seel
695 1916 789 1953 munus
845 1909 902 1956 set.
920 1896 954 1950 ab
973 1895 1100 1968 Aegistho
1125 1895 1246 1950 adultero
1266 1911 1314 1950 oe-

321 1999 456 2061 peraeturn
485 1985 659 2044 tortitudine.
687 1986 790 2040 invidie
844 1985 914 2038 cistas
932 1995 992 2050 est3
1015 1999 1094 2054 quern
1120 1991 1212 2054 postea
1236 1983 1314 2036 simul

320 2075 452 2146 perdidit.
473 2073 613 2143 Plexippus
631 2089 744 2142 namque
762 2083 789 2125 et
841 2089 900 2126 euna
920 2083 1003 2126 matre
1025 2071 1129 2124 Orestes
1158 2067 1309 2134 interlecltg

320 2163 424 2232 Agenor
444 2159 567 2228 Meleagri
598 2159 720 2213 avunculi
742 2160 786 2213 in·
841 2161 911 2215 unde
929 2161 957 2214 in
975 2159 1116 2214 amentiam
1140 2175 1230 2212 versus
1257 2139 1329 2212 εει.ὶ

319 2250 425 2320 dignati
454 2259 534 2304 sunt.
564 2247 617 2302 sibi
643 2249 787 2318 praelatam
839 2249 889 2303 llic
897 2265 1010 2320 namque
1022 2248 1128 2302 Orestes
1140 2249 1310 2314 Agamemno

321 2335 401 2389 luisse
419 2335 564 2402 virginem.
583 2345 610 2388 et
636 2352 693 2388 eom
716 2335 786 2388 dono
840 2336 1133 2405 nisetClytemnestroe
1146 2334 1232 2392 filius.
1246 2333 1312 2406 quia

319 2421 507 2492 spoliaverunt.
536 2422 593 2492 Qut
619 2423 787 2476 contentione
839 2427 955 2498 optimus
973 2425 1115 2494 tragoedus
1128 2423 1191 2482 tuit.
1213 2419 1241 2478 in
1259 2440 1311 2480 see·

319 2509 375 2564 lata
388 2507 441 2564 sibi
461 2511 785 2563 maturaverunt.Etenirn
839 2513 880 2566 nis
895 2512 1059 2570 celebratur.
1077 2529 1136 2564 curn
1155 2521 1263 2566 matrem
1280 2523 1308 2566 et

319 2597 472 2664 indignatus
479 2596 616 2664 Meleager.
627 2599 785 2666 consangui-
839 2601 993 2670 Aegisthum
1001 2601 1141 2656 occidisset
1151 2637 1157 2660 .
1168 2599 1306 2656 insanivit:

320 2687 405 2737 nitate
420 2683 539 2740 calcata.
558 2683 651 2735 matris
663 2701 725 2737 suae
737 2683 784 2736 ira·
838 2689 886 2758 qui
898 2689 963 2742 soeii
977 2689 1084 2758 Pyladis
1097 2686 1252 2746 admonitu.
1271 2687 1307 2740 etl

318 2783 383 2826 trem
401 2771 556 2844 Plexippum
575 2773 690 2827 occidit.
716 2771 783 2824 siht-
837 2775 975 2830 evitandas
988 2777 1070 2830 lunias
1085 2775 1210 2848 leorplum
1227 2775 1307 2848 Apot-

318 2879 371 2930 que
392 2861 483 2916 matris
513 2863 634 2916 allectum
665 2859 784 2914 abstulit·
837 2861 901 2916 linis
922 2862 1064 2932 ingressus.
1085 2879 1143 2916 cunr
1162 2863 1239 2918 vellet
1259 2881 1308 2916 ex·

318 2947 413 3000 Althea
445 2949 577 3018 siquidem
605 2965 785 3016 germanorum
839 2949 890 3008 ire.
905 2951 1059 3004 invaserunt
1069 2967 1127 3002 euru
1138 2949 1306 3004 turinettinc

318 3032 420 3087 ultione
447 3037 550 3090 saeviit·
570 3037 635 3090 Nom
664 3037 785 3090 titionem
840 3048 880 3092 ost
899 3039 1070 3110 ultricesque
1101 3039 1199 3092 sedent
1218 3042 1248 3092 in
1268 3039 1308 3092 tt-

317 3137 395 3190 quem
413 3122 543 3174 oecultum
570 3122 682 3179 habuit.
703 3123 784 3194 quia.
838 3128 909 3178 mine
930 3126 1019 3178 dr'roe.

316 3223 374 3258 eunt
399 3218 548 3261 nasceretur
576 3209 730 3278 Meleager.
756 3210 784 3262 in

314 3293 386 3360 regia
405 3293 497 3348 subito
518 3294 592 3350 sortis
612 3307 638 3348 et
661 3307 693 3349 ut
714 3297 784 3348 iuve-
903 3298 960 3364 ztt.
981 3301 1101 3374 Europae
1119 3314 1147 3358 et
1165 3297 1244 3358 lotit-

315 3381 356 3432 nis
386 3392 568 3452 apparuerat.
607 3383 782 3436 vaticinatum

314 3478 370 3521 erut
387 3469 460 3538 quod
474 3468 577 3522 tamdiu
590 3467 705 3527 viveret.
717 3488 780 3540 quo·
872 3418 1004 3547 Europe
1018 3475 1069 3530 luit
1078 3475 1132 3530 lilia
1143 3476 1211 3546 regie
1222 3475 1304 3532 Grae·

315 3556 432 3627 adusque
455 3569 574 3612 servatus
601 3571 679 3613 esset:
700 3577 778 3630 quern
833 3565 979 3636 eornm(r)
995 3565 1140 3634 Agenoris.
1156 3566 1305 3638 quaedum

313 3653 397 3694 mater
418 3643 522 3712 ignibus
542 3647 648 3704 mersit.
668 3665 780 3718 eumque
833 3651 966 3721 colligeret
977 3653 1053 3707 llores
1065 3653 1092 3706 io
1106 3653 1191 3724 pratis
1206 3671 1303 3709 meun-

314 3744 373 3780 eum
399 3729 446 3782 tttit
473 3749 534 3784 neco
559 3735 624 3787 ratis
651 3735 778 3788 extinxit.
834 3738 1127 3793 dutnconsuetudinem
1141 3739 1305 3811 puellarum.

313 3815 387 3884 Quae
414 3829 554 3889 postquam
565 3823 716 3876 ·admissum
737 3823 779 3876 ln·
834 3828 953 3900 luppiter
965 3827 991 3880 in
1002 3828 1110 3880 formum
1121 3827 1230 3900 speciosi
1246 3839 1304 3882 tau·

315 3905 391 3958 einos
419 3911 548 3974 agnovit.
574 3913 671 3984 laqueo
695 3913 778 3972 ritant
833 3917 856 3969 ri
874 3933 1011 3972 conversus
1029 3916 1054 3969 ei
1069 3917 1122 3970 vim
1133 3915 1223 3970 intulit
1250 3917 1301 3972 hoe

316 3993 417 4047 finivit.
832 4003 928 4058 modu.
957 4003 1023 4058 Cum
1053 4004 1200 4060 lllereurius
1227 4003 1301 4058 iustu

340 4077 382 4144 (¹)
398 4085 473 4129 lmrno
493 4081 625 4147 Tyriorum.
