3646 5342
470 685 526 738 ΙΝ

446 845 507 920 nio
533 841 666 930 audiit,
691 857 795 942 atquc
823 855 863 914 ut
890 839 1091 938 magistrum
1118 837 1297 940 publicum
1323 839 1462 916 decreta

446 962 607 1038 mercede
636 957 832 1036 Florentini
862 958 1101 1059 susciperent,
1133 961 1287 1038 curavit:
1317 977 1352 1036 et
1382 964 1490 1064 quia
1621 1051 1627 1068 ’

448 1109 649 1184 pascuum
671 1080 890 1156 historiarum
912 1095 1015 1181 utque
1043 1079 1238 1156 tabularum
1261 1083 1465 1173 archivum,

447 1223 489 1281 ut
507 1205 580 1305 ipse
598 1203 664 1294 ait,
685 1200 873 1276 Leontium
888 1218 1050 1302 expertus
1070 1219 1160 1294 erat,
1179 1203 1311 1278 idcirco
1327 1204 1364 1278 in
1383 1229 1464 1304 ope

448 1356 486 1400 re
513 1353 577 1400 suo
601 1322 832 1423 mythologico
855 1322 900 1396 ad
923 1321 1029 1397 huius
1052 1322 1201 1397 hominis
1225 1327 1464 1400 auctoritatem

448 1469 610 1546 persaepe
633 1459 804 1543 provocat.
836 1439 961 1543 Neque
992 1457 1107 1516 tamen
1138 1441 1268 1544 aliquid
1296 1440 1463 1520 Leontius

448 1565 582 1640 Pilatus
609 1560 773 1664 scripsit,
799 1577 884 1636 teste
920 1560 994 1661 ipso
1031 1558 1225 1638 Boccatio:
1259 1561 1368 1639 husius
1396 1589 1465 1664 ego

448 1691 585 1760 nullum
608 1683 681 1758 etde·
702 1709 793 1786 opus
800 1711 817 1772 ,·
843 1683 1020 1786 quicquid
1041 1709 1094 1756 ex
1117 1709 1161 1758 eo
1185 1688 1326 1772 recito,
1350 1683 1399 1758 ab
1420 1711 1464 1762 eo

450 1812 525 1892 viva
549 1829 634 1880 uoce
652 1801 833 1908 referente
852 1808 1016 1906 percepi
1042 1800 1210 1878 Leontius
1230 1831 1312 1902 ergo
1331 1801 1465 1880 Pilatus

450 1952 592 2028 graecus
607 1926 730 2016 homo,
749 1924 924 1998 latinitatis
936 1953 1042 2027 prope
1059 1927 1217 2024 ignarus,
1238 1927 1369 2002 nullius
1385 1928 1467 2003 scri·

449 2047 500 2149 pti
516 2045 628 2147 operis
643 2061 788 2134 auctor,
808 2057 891 2120 cum
905 2045 1062 2120 vaticano
1084 2041 1233 2120 Leontio
1251 2045 1371 2122 latinis
1387 2075 1469 2122 auc·

448 2168 582 2244 toribus
614 2165 883 2240 familiarissimo
913 2165 1084 2242 conltmdi
1117 2193 1190 2240 non
1217 2185 1339 2268 potest
1366 2167 1470 2244 Prae·

448 2305 501 2362 ter
528 2313 634 2389 quem
662 2285 757 2387 quod
784 2282 952 2360 Leontius
971 2282 1105 2360 Pilatus
1129 2285 1267 2360 saeculo
1292 2284 1394 2362 XIV.
1420 2288 1467 2362 vi·

448 2410 520 2504 xit3
547 2407 655 2482 codex
684 2421 801 2480 autem
822 2405 944 2480 Ursini
968 2405 1144 2478 vaticanus
1173 2406 1329 2507 (nedum
1352 2407 1468 2509 ipsum

449 2527 559 2628 opus)
587 2524 682 2600 unde
707 2551 771 2598 nos
796 2521 983 2598 Leontium
999 2522 1231 2623 sumpsimus,
1257 2526 1367 2600 multo
1386 2545 1466 2602 ante

449 2665 571 2724 natum
606 2643 794 2720 Leontium
826 2641 979 2718 Pilatum
1011 2659 1168 2720 exaratus
1206 2645 1273 2720 suit
1298 2679 1308 2724 ε
1338 2649 1467 2723 etenim

450 2769 523 2844 eius
542 2767 711 2867 scriptura
730 2763 858 2838 saeculi
888 2761 974 2838 XII.
994 2765 1140 2838 formum
1158 2793 1239 2866 pree
1255 2795 1291 2840 se
1311 2769 1387 2843 lert

280 2911 358 2978 tuse
381 2905 423 2952 ΔΙ·
500 2885 602 2962 VIII.
629 2884 806 2981 Quoniam
825 2883 927 2981 longe
949 2885 1179 2987 antiquiorem
1193 2885 1340 2962 Leontio
1355 2887 1467 2964 Pilato

304 2968 319 3012 b
320 2981 390 3012 ‘‘‘‘‘‘
447 3009 644 3083 vaticanum
673 3001 862 3078 Leontium
890 3003 1150 3096 demonstrari,
1182 3025 1336 3108 superest
1363 3013 1466 3112 porro

450 3148 491 3204 ut
513 3129 611 3202 hunc
640 3126 684 3200 ab
712 3122 856 3198 Albrico
883 3152 1061 3226 separem,
1093 3153 1176 3202 cum
1205 3155 1275 3228 quo
1309 3131 1320 3229 (
1332 3145 1467 3231 praeter

449 3251 531 3326 alios
556 3277 643 3352 quos
668 3249 736 3323 iarn
766 3251 801 3348 S
832 3244 875 3321 V.
912 3249 1096 3349 recensui)
1125 3249 1300 3326 Iohannes
1325 3279 1466 3353 quoque

449 3371 632 3447 Boccetius
664 3395 746 3444 eum
777 3369 991 3470 permutavit.
1026 3367 1120 3444 Nam
1153 3369 1211 3446 lib.
1247 3369 1313 3446 IX.
1351 3371 1383 3448 3.
1418 3369 1466 3444 ait

448 3492 658 3570 Boccatiuss
686 3519 839 3594 gramen
863 3491 943 3566 ideo
968 3493 1088 3566 Marti
1114 3519 1261 3568 suerum
1291 3493 1379 3570 dicit
1402 3491 1468 3564 At-

450 3613 618 3699 bcricus,
644 3615 731 3716 quia
757 3609 848 3685 haec
878 3608 993 3684 terta
1007 3669 1023 3698 ,
1052 3611 1247 3686 sccwsdtsm
1278 3613 1438 3684 Plinium
1452 3667 1467 3695 ,

450 3763 502 3809 ex
522 3735 678 3810 humano
696 3737 869 3831 sarsgzu'rw
884 3749 1115 3836 procreetur.
1135 3737 1185 3808 Et
1197 3735 1300 3820 inde,
1320 3748 1361 3808 ut
1373 3733 1467 3806 idem

448 3861 555 3947 dicit,
567 3857 719 3932 Romani
733 3881 812 3928 rem
828 3853 991 3929 bellicum
1007 3871 1175 3954 ageretes,
1191 3856 1311 3929 Marti
1322 3879 1469 3930 sucrum

417 4067 426 4084 „
436 3982 586 4085 facturi
601 4035 616 4064 ,
641 4002 745 4050 αναιη
773 3975 1027 4052 corutruebarst
1053 3983 1302 4074 gramineum:
1330 3975 1391 4078 qui
1419 3970 1468 4048 lo-

450 4127 511 4180 cus
530 4102 769 4208 mythographi
784 4099 894 4180 nostri
909 4117 978 4194 est,
997 4128 1103 4204 quem
1119 4099 1339 4179 Brassicanus
1356 4097 1468 4176 Leon·
