3638 5332
429 637 498 660 '⁹
531 637 584 734 ΡΞ
629 669 685 717 sni
703 664 898 715 consrinno
920 665 984 716 nn.
1220 647 1297 744 409

300 845 387 903 teras
412 855 494 904 vero
519 846 589 904 tres
616 829 720 903 habet
745 825 940 926 splendidas
967 824 1119 900 civitatee
1142 882 1152 915 ‚
1176 823 1327 927 Syracu·

300 973 352 1018 sas
376 1004 386 1034 ,
412 943 709 1020 PALARMUM
734 945 787 1044 (ι)
812 1001 822 1031 ,
850 951 897 1014 et'
913 939 1075 1016 Catinam
1098 999 1107 1032 ,
1134 942 1172 1016 in
1198 943 1326 1045 quibus

230 1073 232 1078 ’
300 1085 334 1140 et
354 1067 549 1167 spectacula
570 1065 779 1140 circensium
799 1064 1019 1139 exhihentur.
1040 1061 1155 1139 Habet
1175 1081 1209 1138 et
1228 1092 1328 1141 mon-

299 1203 370 1259 tem
396 1187 457 1287 qui
483 1185 599 1260 Aetna
630 1202 776 1260 vocatur
805 1242 815 1276 ,
841 1184 904 1286 qui
936 1183 1059 1258 diebus
1092 1211 1132 1258 ac
1163 1185 1326 1260 noctibus

299 1304 451 1395 ardens,
477 1305 516 1378 in
543 1303 694 1379 circuitu
713 1331 777 1378 suo
797 1303 882 1378 vites
903 1302 1047 1404 optimas
1067 1302 1178 1377 nutrit
1203 1359 1213 1396 ,
1233 1331 1323 1406 quae

300 1421 423 1496 vinum
448 1423 582 1496 bonum
606 1425 731 1498 afferre
757 1421 936 1498 dicuntur.

354 1541 404 1636 43
432 1539 517 1615 Post
539 1539 695 1616 Siciliam
717 1539 940 1617 Stoechades.
971 1537 1111 1614 Deinde
1134 1537 1328 1634 sardinia,

300 1676 335 1733 et
360 1661 431 1760 ipsa
457 1661 628 1736 fructibus
654 1661 854 1736 divitissima
880 1679 915 1736 et
940 1661 1139 1752 iumentis,
1166 1677 1201 1734 et
1226 1659 1329 1738 nimis

299 1780 488 1882 splendida.
508 1780 647 1856 Deinde
674 1780 858 1856 Britannia
877 1781 991 1857 insula
1010 1782 1108 1858 valde
1127 1782 1275 1860 maxima
1295 1799 1330 1856 et

300 1903 517 2003 praecipua,
545 1903 661 1977 omnia
686 1903 725 1976 in
751 1903 977 1976 multitudine
1003 1903 1181 2003 proferens
1204 1961 1215 1994 ,
1240 1903 1330 1980 viros

302 2051 442 2125 quoque
468 2039 678 2124 pugnatores
704 2041 740 2096 et
764 2024 880 2098 fortes.

353 2147 406 2240 44
430 2141 478 2216 Et
502 2143 587 2216 haee
607 2139 753 2241 quidem
772 2141 971 2217 seeundum
989 2139 1248 2242 possibilitatem
1266 2141 1330 2214 hu·

301 2289 440 2336 manem
459 2262 713 2362 descripsimus.
724 2259 766 2334 Si
787 2261 883 2334 enim
901 2261 1083 2336 latuerunt
1100 2288 1164 2336 nos
1181 2277 1242 2336 aut
1254 2288 1331 2362 pro-
1436 2271 1439 2284 '

301 2382 433 2456 vinciae
459 2400 519 2457 eut
545 2383 696 2462 civitates
728 2398 790 2456 aut
821 2381 954 2487 insulae
984 2439 994 2472 ,
1025 2409 1100 2457 non
1131 2382 1260 2456 multae
1287 2397 1329 2456 ut

301 2501 387 2572 mihi
413 2501 548 2577 videtur
569 2534 578 2580 ε
603 2503 782 2580 latuerunt
807 2519 924 2576 autem
943 2528 1006 2603 pro
1026 2531 1067 2576 eo
1087 2503 1183 2603 quod
1203 2503 1326 2602 impos-

302 2621 399 2696 sibile
426 2639 477 2696 est
501 2624 636 2698 homini
661 2626 777 2700 omnia
803 2651 902 2698 nosse
925 2655 934 2700 ε
959 2624 1052 2698 eolus
1079 2622 1174 2697 enim
1192 2621 1291 2698 Deus
1315 2679 1326 2713 ,

303 2742 365 2842 qui
390 2743 549 2818 universa
574 2747 728 2836 creavit,
753 2761 865 2846 potest
891 2747 1007 2821 omnia
1032 2773 1142 2820 nosse.

384 3064 430 3136 (1)
448 3065 491 3118 Ita
509 3065 671 3120 eodditteris
690 3069 801 3136 magnis·
821 3069 876 3120 lein
896 3085 958 3122 vero
978 3066 1126 3122 inretianus
1145 3067 1203 3122 eod·
1217 3067 1313 3136 galat.

312 3162 440 3206 memorat
455 3152 565 3223 quidem
582 3155 765 3222 Syracusaset
779 3155 917 3214 citium,
931 3155 978 3208 sed
996 3158 1178 3212 Panermum.
1196 3171 1242 3209 sen
1254 3157 1310 3211 Pa·

314 3243 431 3294 Iarmum
442 3278 450 3300 ‚
461 3243 532 3298 silet.
544 3245 599 3311 Ego
620 3243 700 3312 igitur
718 3245 840 3315 suspicor
850 3261 986 3300 cavensem
996 3242 1136 3315 antiquum
1156 3243 1314 3298 monachum

315 3327 472 3378 Paiarmum
493 3328 629 3382 addidisse
645 3327 732 3383 codici
749 3345 797 3383 suo
814 3347 893 3400 quem
911 3325 1089 3389 conficiebat.
1108 3337 1249 3401 postquem
1267 3345 1314 3382 ur·

313 3410 356 3467 bie
374 3413 432 3469 eius
449 3415 605 3484 magnitudo
623 3415 794 3488 dignitasque
814 3417 984 3472 inclaruerat.
