3634 5336
641 679 699 726 sua
718 677 913 726 corsraarro
934 677 1002 726 ma.
1229 653 1304 758 395

310 832 474 934 ubique,
501 831 594 934 quod
621 857 735 906 unum
762 848 798 904 et
822 857 953 909 novum
980 831 1216 932 spectaculum
1241 861 1337 933 prae-

307 955 375 1032 bet.
401 951 563 1027 Laodicia
593 979 675 1026 vero
707 952 824 1028 civitas
859 952 987 1052 optima
1016 1008 1026 1041 ‚
1061 980 1149 1054 quae
1180 953 1336 1030 similiter

309 1073 425 1148 omnia
450 1072 589 1172 negotia
615 1072 779 1173 suscipit,
801 1089 835 1144 et
861 1071 1069 1147 Antiochiae
1095 1073 1210 1148 mittit.
1230 1071 1340 1150 Dein-

310 1193 353 1266 de
382 1190 543 1266 Seleucia
570 1193 687 1266 civitas
713 1219 837 1290 magna
861 1249 871 1280 ,
891 1221 980 1292 quae
1007 1194 1124 1268 omnia
1149 1195 1241 1270 hona
1267 1221 1339 1270 sus·

310 1310 395 1410 cipit
415 1367 424 1400 ,
452 1310 577 1410 etipsa
603 1311 758 1386 similiter
777 1310 970 1409 praedictae
992 1309 1199 1388 Antiochiae
1219 1312 1333 1388 mittit.

312 1427 589 1526 Quamobrem
613 1431 839 1506 Constantius
862 1432 909 1530 (a)
931 1431 1116 1530 imperator
1142 1431 1333 1509 maximum

309 1566 465 1624 montem
491 1553 645 1642 secavit,
673 1551 958 1626 et‘introducens
979 1578 1073 1627 mare
1094 1551 1177 1626 iecit
1196 1568 1337 1652 portum

310 1669 444 1744 bonum
459 1687 493 1744 et
507 1697 673 1770 magnum
688 1671 767 1762 ,ubi
780 1671 957 1746 venientes
972 1699 1075 1746 naves
1091 1672 1305 1772 saltantur(1
1315 1673 1338 1774 ).

312 1789 480 1864 Similiter
505 1792 589 1866 aliae
618 1793 770 1865 civitates
795 1791 947 1866 Ascalon
981 1807 1017 1864 et
1049 1789 1144 1866 Gaza
1170 1791 1208 1864 in
1235 1818 1340 1890 nego·

315 1909 370 1983 tiis
396 1912 589 1986 eminentes
616 1929 651 1986 et
671 1911 912 1987 habundantes
935 1913 1096 1986 omnibus
1115 1911 1216 1986 bonis
1234 1969 1244 2001 ,
1264 1912 1342 1987 mit-

311 2044 393 2102 tunt
418 2030 515 2104 omni
540 2030 674 2128 regioni
702 2028 823 2130 Syriae
851 2045 886 2106 et
912 2029 1072 2132 Aegypto
1104 2031 1226 2107 vinum
1257 2031 1343 2130 opti·

314 2175 422 2224 mum.
443 2148 608 2251 Neapolis
635 2152 753 2226 civitas
780 2151 925 2250 gloriosa
945 2171 980 2227 et
998 2151 1096 2226 valde
1116 2151 1255 2228 nobilis,
1263 2148 1341 2226 Tu·-

310 2267 397 2369 polis
425 2285 460 2342 ct
482 2265 704 2371 Scythopolis
731 2287 766 2343 et
791 2268 913 2346 Biblos
940 2289 975 2344 et
999 2271 1091 2372 ipsae
1113 2269 1264 2346 civitates
1289 2268 1343 2342 in·

313 2389 513 2464 dustriosae.
533 2388 724 2492 Heliopolis
744 2390 879 2466 Libano
904 2392 1017 2466 monti
1041 2391 1239 2492 proximans
1264 2389 1341 2466 mit·

313 2511 355 2582 tit
380 2509 630 2612 pulcherrimas
655 2511 819 2588 mulieres
848 2569 858 2602 ,
884 2540 970 2612 quas
1002 2510 1197 2587 libanitidas
1227 2510 1341 2612 appel·

314 2629 398 2706 lant.
412 2628 507 2704 Sunt
526 2630 653 2705 iterum
673 2631 820 2730 optimae
841 2632 993 2708 civitates
1014 2629 1152 2720 Sidon,
1175 2629 1341 2732 Sarepta,

317 2749 504 2824 Ptolemais
528 2807 538 2840 ,
565 2749 871 2851 Eleutheropolis,
898 2768 933 2824 et
957 2749 1160 2828 Damascus.

369 2867 413 2942 18
445 2865 622 2963 Quoniam
642 2896 723 2966 ergo
744 2898 786 2943 ex
806 2885 901 2968 parte
920 2870 1144 2971 supradictas
1161 2869 1340 2970 descripsi-

311 3011 389 3058 mus
409 2986 561 3058 civitates
585 3041 594 3074 ,
622 2987 855 3062 necessarium
874 2988 961 3062 mihi
980 2987 1117 3062 ridetur
1138 3043 1148 3078 ,
1174 3005 1216 3060 ut
1235 2988 1338 3071 etiam

311 3105 479 3205 quidnam
498 3134 727 3208 unaquaeque
749 3109 865 3182 civitas
879 3108 1059 3209 proprium
1077 3109 1201 3184 habeat
1215 3165 1225 3198 ,
1238 3137 1339 3209 expo-

314 3253 462 3316 namus,
489 3243 529 3299 ut
555 3226 616 3326 qui
642 3227 752 3324 legit,
774 3245 904 3304 certam
930 3255 1050 3306 aarum
1076 3228 1256 3304 sobntiam
1281 3229 1339 3302 ha·

312 3345 394 3420 bere
421 3346 534 3446 possit.
558 3343 776 3446 Scythopolis
801 3349 940 3446 igitur,
969 3345 1166 3437 Laodicia,
1193 3345 1339 3436 Biblos,

312 3461 452 3563 Tyrus,
474 3464 645 3564 Berytus,
667 3466 762 3542 orani
782 3467 915 3542 mundo
935 3467 1163 3544 litteraturam
1182 3465 1335 3540 mittunt

374 3668 414 3730 (a)
432 3669 489 3716 eod.
502 3674 622 3723 cavernis,
640 3675 743 3732 itemque
760 3674 885 3718 iuretiruus
902 3687 934 3732 gr·
944 3669 1173 3716 tatAEousaaartroes.

391 3827 436 3893 (r)
456 3827 495 3879 De
513 3827 562 3880 boc
585 3827 738 3881 Constantii
758 3844 835 3900 opere
853 3827 1029 3896 Hieronymus
1047 3825 1074 3880 ia
1104 3821 1259 3896 chronico(
1276 3823 1318 3876 ed.

321 3911 486 3978 bancaliae)
507 3913 541 3963 ad
555 3931 600 3965 an.
613 3914 713 3967 Christi
727 3911 775 3970 351
795 3950 801 3970 ,
815 3913 966 3966 Constantii
985 3911 1124 3966 undecimo
1138 3911 1195 3964 ait:
1210 3915 1320 3982 magnis

318 3999 520 4066 rerpn'mpensr's
532 4001 562 4048 r'n
579 4001 706 4052 Seleucia
730 4001 824 4064 Syriae
842 4011 941 4070 portus
960 3997 1079 4068 effeetus
1101 3997 1161 4050 Alia
1183 3997 1221 4049 rei
1241 3997 1319 4050 testi-

320 4083 413 4141 monia
433 4085 549 4137 sunrrlst
566 4085 756 4140 Gotholredus.
