3638 5332
1233 670 1299 764 ³49
1405 691 1411 708 ·

300 835 368 915 DE
397 833 725 916 CASSIODORII
746 830 1067 910 FRAGMENTO
1089 833 1314 920 INEDITO.

296 1059 416 1172 Meam
426 1133 473 1186 ego
482 1113 625 1173 lectoribus
638 1115 804 1170 dissimulare
819 1111 951 1167 leetitiom
966 1129 1084 1184 nequeo.
1101 1117 1175 1188 quod
1189 1117 1325 1190 opusculis

294 1205 403 1261 llodtbii
422 1205 533 1260 ineditis
550 1203 691 1259 subtexere
708 1203 790 1256 licent
807 1201 993 1259 cassiodorii,
1011 1203 1059 1273 qui
1077 1203 1129 1260 luit
1141 1205 1254 1264 Boethio
1278 1226 1326 1263 se-

293 1293 382 1363 qnnlis
398 1303 427 1347 ot
443 1290 597 1349 lemilisris.
615 1290 705 1345 nobile
723 1289 787 1344 item
804 1287 980 1357 lrsgmentnm
999 1286 1129 1346 ineditum
1146 1309 1180 1346 ex
1198 1295 1326 1350 vaticano

294 1377 478 1452 depromptum
488 1377 629 1450 exemplari
640 1377 710 1430 circs
722 1373 856 1430 soeculum
864 1374 939 1428 XllI·
949 1374 977 1428 io
992 1375 1151 1432 membrsnis
1160 1392 1278 1436 exserto·
1285 1382 1325 1436 Ex

294 1467 400 1522 duobus
409 1467 480 1522 enim
491 1483 559 1538 quos
568 1463 753 1522 Cassiodorius
762 1465 796 1518 de
809 1464 910 1519 divinis
920 1464 1098 1538 humenisque
1106 1465 1206 1523 litteris
1217 1467 1327 1542 scripsit

294 1556 391 1614 libris.
411 1555 580 1629 posteriorem
598 1555 720 1610 laborare
729 1552 877 1608 defectibus
888 1566 997 1625 propter
1011 1555 1122 1611 vitistos
1135 1555 1254 1616 codices,
1273 1559 1327 1614 Gn·

295 1646 379 1700 retius
397 1644 490 1699 docuit
509 1643 537 1698 in
556 1643 767 1698 cassiodoriense
784 1643 912 1698 editionis
931 1645 1136 1715 prolegomenis:
1164 1654 1191 1700 et
1217 1645 1327 1716 quidem

295 1733 438 1804 genuinam
454 1732 519 1788 libri
537 1731 618 1788 huius
636 1729 826 1804 praeistinnem
844 1730 902 1802 ipse
914 1732 1024 1791 attulit.
1043 1744 1070 1788 et
1084 1733 1202 1805 capitulo
1217 1734 1250 1788 de
1269 1735 1326 1789 rbe-

292 1821 393 1878 torics‚
413 1819 597 1876 eritbmetics.
615 1828 644 1874 et
661 1817 806 1886 geometris
821 1817 991 1890 persenserit,
1011 1829 1038 1872 et
1057 1818 1123 1872 nlius
1141 1819 1206 1872 olim
1223 1837 1327 1893 perver.

294 1925 338 1962 sss
355 1920 446 1981 partes
463 1907 535 1962 insto
553 1906 647 1962 ordine
664 1905 770 1978 posuit:
788 1922 950 1977 quemquem
968 1906 1117 1978 capitulum
1135 1905 1169 1960 de
1195 1924 1326 1976 gremmi-

296 1995 354 2049 tics
370 1995 489 2048 biulcnm
507 1993 606 2048 sarcire
623 2011 678 2046 nun
695 1991 803 2062 potuit.
823 1991 869 2062 cui
886 1992 926 2044 rei
944 2010 979 2046 ne
996 1992 1138 2048 reticemus
1155 1993 1266 2065 quidem
1285 2012 1326 2050 co·

297 2083 350 2138 dex
367 2083 504 2155 suppetias
523 2079 584 2136 lert·

348 2169 538 2222 Verumtamen
555 2183 642 2237 neque
661 2165 786 2221 Guretins
804 2181 890 2234 neque
909 2163 976 2219 elius
995 2163 1085 2219 editor
1103 2165 1247 2238 quisquam
1264 2183 1327 2222 sen·

294 2257 348 2316 sit.
366 2257 538 2330 posteriorem
555 2253 628 2306 bunc
645 2251 744 2306 librum
762 2262 880 2307 extreme
897 2252 940 2306 sui
957 2263 1048 2324 perte,
1067 2271 1155 2323 neque
1179 2272 1244 2309 ssne
1267 2275 1326 2310 mo-

296 2343 371 2401 dies.
389 2341 469 2398 luisse
487 2350 654 2396 truncatum,
670 2357 753 2410 quern
773 2357 844 2392 nunc
863 2338 967 2392 demum
984 2338 1124 2395 vsticnnus
1142 2339 1224 2394 codex
1249 2341 1327 2396 resti·

295 2430 364 2486 tuit,
383 2445 534 2496 germanam
551 2427 610 2481 sine
627 2425 712 2480 dubio
729 2437 757 2480 et
775 2425 966 2484 certissimum,
985 2441 1042 2479 tum
1060 2425 1127 2496 qnia
1153 2425 1210 2498 ipse
1232 2439 1326 2482 ructor

296 2516 410 2588 priorem
427 2531 504 2568 suum
520 2512 619 2567 librum
638 2515 721 2574 citet.
739 2523 795 2568 tum
813 2512 880 2582 quis
897 2513 975 2566 stilus
993 2522 1138 2569 consonat.
1164 2524 1220 2568 tum
1247 2513 1326 2568 deni·

294 2603 431 2677 qusquis
450 2602 473 2656 si
492 2621 562 2657 nune
579 2603 773 2657 consideremus
791 2599 856 2654 libri
874 2601 969 2658 finem.
992 2611 1023 2654 ut
1042 2599 1070 2654 iu
1088 2599 1253 2657 editionibus
1275 2621 1325 2657 ex·

296 2694 391 2766 plicit.
412 2694 477 2748 setis
496 2691 659 2761 agnoscimus
678 2707 733 2744 esse
750 2689 884 2743 mutilum.
908 2690 956 2742 Est
981 2689 1051 2740 enim
1081 2689 1246 2746 cassiodorii
1270 2711 1326 2748 mos

296 2781 429 2834 sollemnis
447 2777 622 2832 concludendi
640 2775 723 2830 libros
741 2792 802 2830 suos
821 2793 881 2829 cum
899 2775 989 2844 ulique
1002 2773 1037 2826 ed
1050 2775 1170 2832 homines
1184 2777 1226 2830 rel
1243 2779 1327 2832 Deum

298 2867 466 2921 allocutione·
485 2865 529 2917 Sic
546 2863 612 2917 lucit
632 2863 660 2916 in
678 2861 866 2917 commentario
885 2862 920 2914 sd
936 2863 1066 2934 psalmos.
1085 2861 1167 2916 sicin
1182 2865 1326 2935 expositio·

298 2971 332 3008 ne
349 2951 448 3006 cantici
467 2949 625 3008 Salomonis.
642 2949 682 3002 sic
701 2949 865 3003 intractato
884 2949 917 3001 de
936 2947 1140 3020 orthogrspbis.
1159 2949 1199 3004 sic
1221 2949 1327 3006 demum

298 3045 326 3098 in
343 3040 413 3095 libro
432 3039 466 3093 de
484 3038 581 3092 enims.
600 3039 678 3090 Nunc
695 3053 756 3090 ecce
775 3055 873 3092 morem
889 3055 966 3092 sunm
992 3037 1173 3092 Cassiodorius
1192 3037 1221 3092 in
1247 3058 1326 3112 opere

297 3145 403 3204 quoque
420 3127 454 3182 do
472 3127 571 3182 divinis
589 3125 766 3196 humanisque
783 3125 883 3180 litteris
910 3125 1091 3179 concludendo
1119 3143 1183 3196 pree
1209 3143 1238 3180 se
1264 3126 1325 3182 tert

297 3218 442 3290 Excipient
460 3216 543 3284 igitur
562 3214 655 3286 eequis
673 3214 770 3269 snirnis
788 3214 839 3268 boc
857 3218 967 3268 lectores
982 3230 1050 3265 rme
1063 3213 1265 3272 munusculum.
1283 3215 1325 3269 de·

298 3306 366 3360 eimo
384 3305 437 3358 inm
455 3313 482 3358 et
500 3302 642 3356 centesimo
661 3319 731 3358 enno
747 3309 810 3372 pust
829 3295 895 3352 illud
914 3300 1013 3353 donum
1031 3300 1114 3354 molto
1131 3299 1234 3356 mulus.
1252 3301 1326 3371 quod

298 3391 438 3461 sumendis
455 3389 619 3446 cassiodorii
637 3387 747 3443 ineditis
766 3388 886 3442 antesin
900 3386 1000 3458 scripto
1015 3385 1159 3459 apostolice
1170 3385 1325 3459 complexio·

299 3485 379 3539 nibus
393 3483 424 3536 el·
439 3483 528 3556 Scipio
547 3479 672 3536 Malleius
690 3477 822 3535 exbibnit.
