3628 5336
577 666 642 752 2¹l

553 849 582 890 ea
603 855 692 888 resera
718 855 832 907 papaver·
853 855 969 906 soporem
985 837 1042 892 eie-

554 925 595 975 nir
606 943 614 984 3
627 943 680 994 quu
690 944 734 974 ero
749 926 802 996 (r),
821 925 882 976 duur
896 928 1041 981 lrruueuta,

551 1011 616 1064 licet
633 1014 735 1065 aestiva
754 1011 901 1082 aliquando
921 1029 1042 1065 annonae

551 1100 664 1168 penuria
676 1099 767 1154 afflicti
778 1135 785 1158 ,
797 1111 964 1153 maturantur
977 1101 1021 1172 (a)
1034 1139 1041 1158 .

551 1201 638 1242 tameo
649 1189 844 1242 cunctationem
856 1191 943 1241 minus
957 1193 1041 1258 gravi·

551 1289 593 1329 ter
607 1277 723 1330 ierimus.
742 1277 818 1330 Alma
831 1277 865 1330 ab
878 1279 972 1330 alendo
986 1279 1043 1342 dip-

548 1365 1041 1436 nissimenunrupatur·Surrtqueeius

549 1453 673 1522 propriae
697 1453 898 1512 caerimoniae.
925 1456 996 1507 sicut
1014 1467 1041 1508 et

548 1539 639 1590 Liberi
662 1542 743 1604 orgia.
766 1543 845 1608 leges
864 1541 948 1594 lcrlur
966 1543 1039 1594 inve-

546 1629 632 1688 nisse,
649 1632 713 1700 quia
731 1642 793 1683 ante
810 1631 945 1684 incentum
962 1651 975 1682 a
992 1633 1041 1684 Ce-

548 1737 622 1777 rere,
640 1732 671 1770 ur
685 1721 723 1771 ait
740 1719 860 1778 Servius,
879 1719 1039 1776 frumentum

547 1808 645 1877 passim
665 1807 784 1860 lromines
805 1807 862 1858 sine
879 1808 934 1876 lege
958 1827 1039 1874 vaga·

547 1891 664 1946 bantur:
688 1911 758 1964 quae
776 1893 867 1946 feritas
891 1895 1038 1966 interrupta

546 1991 589 2034 est
620 1981 729 2036 invento
760 2000 808 2036 usu
838 1983 1035 2038 irumentorum.

548 2070 669 2140 Namque
694 2091 727 2124 ea
756 2089 876 2138 agrorum
905 2074 1037 2126 divisione

544 2169 683 2212 natarunt
694 2159 761 2210 iura·
780 2160 971 2232 Triptolemum
984 2165 1035 2216 Ce-

544 2263 586 2298 res
603 2245 704 2298 dicitur
722 2265 836 2305 amasse,
855 2249 918 2318 quia
936 2249 1036 2318 primus

547 2333 576 2387 ia
601 2335 737 2390 Graecia,
764 2336 835 2390 sicut
859 2337 888 2388 iu
913 2339 1036 2409 Aegypto

545 2421 647 2480 Osiris,
663 2433 780 2474 aratrum
793 2431 820 2472 ct
835 2439 953 2488 magnam
968 2425 1037 2492 agri·

545 2506 668 2559 culturae
686 2519 789 2578 partem
809 2509 956 2564 adinvenit·

579 2612 606 2648 a·
624 2597 706 2650 quta
729 2597 859 2652 Aelianum
882 2611 959 2672 rapta
978 2603 1036 2659 eiua

545 2685 647 2739 elicitur
665 2688 745 2746 filia,
769 2689 835 2758 quia
862 2702 893 2742 ut
922 2701 1035 2746 testatur

544 2777 683 2834 Lucanus,
702 2777 793 2828 Sicilia
811 2777 914 2847 frugum
933 2792 974 2835 est
995 2780 1035 2834 le·

543 2863 690 2916 rarissima.
720 2867 788 2920 Sane
817 2869 896 2923 Ceres
929 2889 943 2922 a
974 2873 1036 2925 lore

543 2951 642 3004 meruit
669 2963 699 3005 ut
721 2955 875 3026 Proserpina
905 2957 963 3008 ·vt·
991 2974 1035 3010 es-

541 3051 583 3092 sct
605 3041 739 3096 mensibus
755 3043 781 3096 in
804 3046 877 3098 caelo
903 3063 962 3099 cum
977 3065 1032 3100 ma·

542 3140 601 3187 tre,
621 3149 667 3184 sex
687 3132 760 3202 apud
779 3133 875 3187 inieras
896 3153 954 3189 cum
975 3157 1033 3192 ma·

542 3217 612 3270 rito:
632 3219 705 3288 qnod
726 3221 816 3272 fictum
839 3222 953 3276 dicimus
977 3227 1034 3280 aive

542 3305 607 3372 quia
630 3317 692 3375 post
714 3308 844 3360 sationem
868 3313 1033 3366 tantumdem

539 3391 667 3462 temporis
694 3395 772 3462 quasi
799 3395 885 3450 latent
913 3401 1031 3466 gramina

539 3481 614 3548 prius
632 3499 711 3550 quam
731 3484 833 3538 t'ructus
859 3489 1030 3558 producant3

538 3571 596 3620 siae
614 3573 696 3639 quain,
716 3585 745 3624 ut
763 3575 832 3629 dicit
847 3578 970 3634 Servius.
991 3579 1030 3650 ip-

538 3678 567 3711 sa
578 3673 618 3714 cst
631 3664 723 3714 cadom
733 3681 802 3732 quae
814 3675 870 3718 toto
885 3685 954 3724 anno
968 3667 1027 3720 ·Vl·

538 3747 673 3802 mensibus
686 3753 796 3808 crescit.
814 3763 842 3806 ct
853 3754 913 3805 -v1·
927 3755 1028 3808 decres-

538 3837 595 3890 cit.
614 3847 645 3888 ut
658 3855 703 3908 per
718 3838 835 3906 singulos
854 3857 954 3894 menses
967 3843 1027 3894 dic·

577 3969 619 4040 (r)
637 3977 719 4024 rddidi
735 3981 777 4024 laac
796 3981 951 4034 voealurlum,
971 3999 1021 4032 ru.

548 4053 633 4108 piciens
649 4057 677 4099 ad
694 4061 796 4105 Servium
812 4065 841 4106 G·
858 4068 878 4108 l·
896 4075 949 4112 ara.

766 663 1134 734 Miruourttrrtt‘s
1158 667 1351 738 TERTIUS

1098 835 1148 890 bus
1162 837 1306 907 quindenis
1323 856 1439 891 mescens
1455 834 1526 910 apud
1539 856 1587 892 su-

1096 945 1194 995 peros,
1221 927 1372 979 decrescens
1396 927 1466 997 apud
1488 925 1585 980 inleros

1097 1031 1152 1068 esse
1169 1016 1300 1068 videatur·
1318 1015 1400 1072 Sane.
1419 1027 1450 1068 ut
1467 1015 1505 1068 ait
1519 1015 1585 1068 Ful·

1096 1101 1214 1168 gentius.
1230 1103 1289 1156 ideo
1304 1103 1375 1172 apud
1387 1102 1482 1156 interos
1495 1113 1522 1156 et
1537 1121 1585 1156 su·

1096 1207 1172 1261 puros
1185 1191 1279 1259 aequis
1292 1189 1386 1260 spatiis
1402 1192 1584 1262 Proserpinam

1096 1280 1225 1334 collocant
1238 1316 1245 1336 .
1262 1281 1325 1347 quia
1349 1279 1393 1330 dic
1407 1279 1505 1334 lateat,
1525 1297 1585 1332 noc·

1097 1379 1123 1420 te
1138 1369 1238 1426 laneat,
1251 1369 1343 1437 sieque
1356 1385 1452 1420 annum
1461 1386 1520 1420 curn
1531 1368 1585 1420 sole

1097 1457 1175 1525 quasi
1204 1457 1347 1507 dimidiare
1374 1467 1495 1526 putetur.
1523 1455 1584 1508 Sive

1097 1543 1157 1597 ideo
1175 1545 1247 1614 apud
1269 1543 1366 1598 inferos
1384 1556 1441 1602 est,
1459 1545 1525 1612 quia
1537 1560 1583 1596 a&

1094 1631 1211 1684 cundum
1231 1632 1373 1698 astrologos
1393 1631 1476 1683 stellis
1494 1629 1583 1681 omni-

1096 1717 1146 1769 bus
1171 1717 1297 1770 humilior
1321 1727 1430 1773 currat,
1454 1727 1481 1768 et
1504 1717 1582 1770 terris

1095 1809 1210 1878 praesit.
1229 1819 1255 1859 et
1274 1807 1408 1858 humorem
1431 1805 1510 1856 rebus
1529 1805 1582 1856 mi-

1095 1897 1190 1950 nistret
1196 1917 1205 1962 ς
1225 1899 1290 1950 adeo
1303 1908 1333 1949 ut
1346 1897 1404 1948 cius
1422 1896 1581 1948 detrimenta

1093 1995 1120 2036 et
1136 1994 1274 2048 strigmenta
1293 1987 1319 2035 in
1339 1995 1409 2036 terra
1429 2001 1480 2034 non
1497 1981 1580 2032 solum

1090 2071 1192 2141 lapides
1214 2072 1259 2123 scd
1282 2083 1309 2122 et
1332 2072 1484 2122 animalium
1506 2085 1582 2120 cere·

1092 2155 1157 2212 bra,
1175 2169 1201 2210 et
1222 2157 1292 2226 qrrorl
1312 2159 1393 2224 tnagis
1412 2157 1506 2206 urirum
1524 2166 1580 2211 est.

1091 2243 1172 2295 etiam
1181 2243 1321 2295 luctamina
1329 2241 1459 2298 sentiant.
1469 2257 1539 2311 quae
1554 2239 1582 2290 in

1090 2331 1198 2385 luminis
1211 2331 1350 2384 crementis
1363 2329 1469 2385 eiecta.·
1480 2325 1578 2380 vermi-

1091 2421 1164 2474 culos
1176 2420 1260 2472 bortis
1275 2416 1438 2489 parturiunt.
1452 2415 1530 2486 ipsae
1541 2424 1581 2466 et-

1091 2509 1143 2560 iarn
1159 2507 1312 2558 animalium
1328 2503 1503 2570 arborumque
1518 2501 1578 2550 lare-

1089 2599 1177 2650 dullac
1184 2597 1358 2664 cochleaeque
1365 2593 1482 2645 marinae
1487 2602 1513 2642 et
1523 2589 1578 2642 alla

1090 2705 1142 2739 non
1153 2703 1238 2757 pauca
1250 2703 1296 2756 per
1307 2677 1415 2736 luminis
1425 2681 1483 2734 eius
1493 2697 1578 2732 acces·

1090 2773 1579 2836 sumetrecessumdctrimentactaug-

1089 2876 1178 2918 mcnta
1189 2866 1245 2936 pati
1255 2864 1449 2916 existimantur.
1464 2859 1579 2912 Dianam

1087 2973 1194 3026 quoquc
1206 2955 1315 3007 eandem
1328 2955 1354 3006 in
1365 2947 1515 3006 nemoribus
1528 2966 1577 3002 ro*

1086 3045 1164 3101 lunt,
1180 3043 1244 3114 quia
1260 3041 1382 3095 arborum
1394 3051 1422 3092 et
1434 3037 1576 3090 herbarum

1087 3133 1190 3188 succis,
1209 3149 1240 3182 cx
1260 3129 1421 3181 humiditate
1435 3143 1514 3196 quam
1533 3141 1575 3178 ac·

1085 3221 1201 3273 cundum
1220 3219 1345 3290 physicos
1358 3235 1391 3269 cx
1403 3233 1431 3270 sc
1443 3215 1575 3272 dimittit.

1084 3309 1167 3362 simili
1186 3309 1262 3361 modo
1280 3320 1440 3361 crementum
1453 3303 1575 3376 suppedi-

1085 3393 1576 3470 tet(3)·Nemoribusctiamideoprac·

1083 3503 1139 3540 esse
1154 3485 1272 3540 dicitur.
1291 3485 1356 3552 quia
1369 3481 1454 3536 omnis
1466 3479 1575 3534 venatio

1083 3585 1163 3630 noctu
1181 3575 1294 3628 maxime
1308 3583 1448 3644 pascatur,
1467 3571 1513 3622 dic
1527 3585 1574 3622 re·

1082 3684 1113 3717 ro
1132 3663 1255 3718 dormiat·
1281 3661 1344 3714 ldeo
1367 3670 1454 3711 autem
1482 3657 1572 3708 lunam

1082 3751 1151 3805 dicit
1164 3750 1268 3803 Tullius
1281 3749 1394 3802 Dianam
1407 3743 1572 3816 nuncupari.

1082 3840 1160 3911 quasi
1183 3839 1253 3891 diem
1273 3849 1354 3892 noctu
1378 3835 1484 3890 elliciat.
1511 3830 1572 3884 ideo

1116 3985 1156 4049 (²)
1172 3983 1229 4029 cod.
1244 3985 1404 4028 mrrrrrrrartr.

1114 4061 1154 4126 (3)
1171 4063 1226 4111 eod.
1242 4058 1365 4105 velletren,
