<?xml version="1.0" encoding="UTF-8"?>
<!DOCTYPE html PUBLIC "-//W3C//DTD XHTML 1.0 Transitional//EN"
    "http://www.w3.org/TR/xhtml1/DTD/xhtml1-transitional.dtd">
<html xmlns="http://www.w3.org/1999/xhtml" xml:lang="en" lang="en">
 <head>
  <title>
</title>
<meta http-equiv="Content-Type" content="text/html;charset=utf-8" />
  <meta name='ocr-system' content='tesseract 3.04.00' />
  <meta name='ocr-capabilities' content='ocr_page ocr_carea ocr_par ocr_line ocrx_word'/>
</head>
<body>
  <div class='ocr_page' id='page_1' title='image "./classicorumauct01vatigoog_0071.png"; bbox 0 0 3646 5342; ppageno 0'>
   <div class='ocr_carea' id='block_1_1' title="bbox 416 627 1117 718">
    <p class='ocr_par' dir='ltr' id='par_1_1' title="bbox 416 627 1117 718">
     <span class='ocr_line' id='line_1_1' title="bbox 416 627 1117 718; baseline -0.034 0"><span class='ocrx_word' id='word_1_1' title='bbox 416 651 457 718; x_wconf 75' lang='lat' dir='ltr'><strong>do</strong></span> <span class='ocrx_word' id='word_1_2' title='bbox 690 627 1057 707; x_wconf 82' lang='lat' dir='ltr'>MYTHOGRAPHUS</span> <span class='ocrx_word' id='word_1_3' title='bbox 1090 629 1117 694; x_wconf 92' lang='lat'><strong>1.</strong></span> 
     </span>
    </p>
   </div>
   <div class='ocr_carea' id='block_1_2' title="bbox 390 791 1413 1240">
    <p class='ocr_par' dir='ltr' id='par_1_2' title="bbox 390 791 1413 1240">
     <span class='ocr_line' id='line_1_2' title="bbox 526 791 1413 898; baseline -0.057 -12"><span class='ocrx_word' id='word_1_4' title='bbox 526 810 741 898; x_wconf 76' lang='lat' dir='ltr'><strong>75·1{5=enaei·</strong></span> <span class='ocrx_word' id='word_1_5' title='bbox 929 799 1004 856; x_wconf 65' lang='lat' dir='ltr'><strong>snus</strong></span> <span class='ocrx_word' id='word_1_6' title='bbox 1029 815 1122 854; x_wconf 71' lang='lat' dir='ltr'><strong>nomm</strong></span> <span class='ocrx_word' id='word_1_7' title='bbox 1146 795 1248 868; x_wconf 76' lang='lat' dir='ltr'><strong>nuptiis</strong></span> <span class='ocrx_word' id='word_1_8' title='bbox 1269 791 1413 862; x_wconf 55' lang='lat' dir='ltr'><strong>Hymenaei</strong></span> 
     </span>
     <span class='ocr_line' id='line_1_3' title="bbox 931 905 1046 944; baseline -0.096 5"><span class='ocrx_word' id='word_1_9' title='bbox 931 905 1046 944; x_wconf 64' lang='lat' dir='ltr'><strong>misem.</strong></span> 
     </span>
     <span class='ocr_line' id='line_1_4' title="bbox 426 943 877 1072; baseline -0.075 -11"><span class='ocrx_word' id='word_1_10' title='bbox 426 943 627 1072; x_wconf 76' lang='lat' dir='ltr'>Hymenaeus</span> <span class='ocrx_word' id='word_1_11' title='bbox 648 1005 715 1063; x_wconf 88' lang='lat' dir='ltr'><strong>puer</strong></span> <span class='ocrx_word' id='word_1_12' title='bbox 739 976 877 1036; x_wconf 75' lang='lat' dir='ltr'><strong>formosis-</strong></span> 
     </span>
     <span class='ocr_line' id='line_1_5' title="bbox 390 1059 1364 1159; baseline -0.072 -7"><span class='ocrx_word' id='word_1_13' title='bbox 390 1097 473 1152; x_wconf 86' lang='lat' dir='ltr'><strong>sirnus</strong></span> <span class='ocrx_word' id='word_1_14' title='bbox 502 1102 597 1159; x_wconf 74' lang='lat' dir='ltr'><strong>genere</strong></span> <span class='ocrx_word' id='word_1_15' title='bbox 621 1070 785 1134; x_wconf 77' lang='lat' dir='ltr'><strong>atheniensis</strong></span> <span class='ocrx_word' id='word_1_16' title='bbox 812 1065 876 1118; x_wconf 84' lang='lat' dir='ltr'><strong>luit·</strong></span> <span class='ocrx_word' id='word_1_17' title='bbox 983 1063 1027 1141; x_wconf 80' lang='lat'><strong>76</strong></span> <span class='ocrx_word' id='word_1_18' title='bbox 1044 1062 1145 1138; x_wconf 50' lang='lat' dir='ltr'><strong>opphei</strong></span> <span class='ocrx_word' id='word_1_19' title='bbox 1163 1072 1191 1117; x_wconf 60' lang='lat' dir='ltr'><strong>„t</strong></span> <span class='ocrx_word' id='word_1_20' title='bbox 1210 1059 1364 1128; x_wconf 38' lang='lat' dir='ltr'><strong>Eurydices,</strong></span> 
     </span>
     <span class='ocr_line' id='line_1_6' title="bbox 391 1154 878 1240; baseline -0.072 -2"><span class='ocrx_word' id='word_1_21' title='bbox 391 1187 419 1240; x_wconf 91' lang='lat' dir='ltr'><strong>ls</strong></span> <span class='ocrx_word' id='word_1_22' title='bbox 447 1199 507 1234; x_wconf 85' lang='lat' dir='ltr'><strong>cuin</strong></span> <span class='ocrx_word' id='word_1_23' title='bbox 533 1191 616 1230; x_wconf 80' lang='lat' dir='ltr'><strong>annos</strong></span> <span class='ocrx_word' id='word_1_24' title='bbox 642 1161 754 1240; x_wconf 86' lang='lat' dir='ltr'><strong>puerilis</strong></span> <span class='ocrx_word' id='word_1_25' title='bbox 782 1154 878 1210; x_wconf 84' lang='lat' dir='ltr'><strong>aetatis</strong></span> 
     </span>
    </p>
   </div>
   <div class='ocr_carea' id='block_1_3' title="bbox 390 1244 1423 1435">
    <p class='ocr_par' dir='ltr' id='par_1_3' title="bbox 390 1244 1423 1435">
     <span class='ocr_line' id='line_1_7' title="bbox 390 1244 879 1331; baseline -0.078 -1"><span class='ocrx_word' id='word_1_26' title='bbox 390 1273 552 1328; x_wconf 78' lang='lat' dir='ltr'>excederet,</span> <span class='ocrx_word' id='word_1_27' title='bbox 571 1273 658 1331; x_wconf 84' lang='lat' dir='ltr'><strong>neque</strong></span> <span class='ocrx_word' id='word_1_28' title='bbox 681 1251 770 1306; x_wconf 78' lang='lat' dir='ltr'><strong>adbuc</strong></span> <span class='ocrx_word' id='word_1_29' title='bbox 791 1244 879 1300; x_wconf 79' lang='lat' dir='ltr'><strong>virum</strong></span> 
     </span>
     <span class='ocr_line' id='line_1_8' title="bbox 394 1271 1423 1435; baseline -0.079 -15"><span class='ocrx_word' id='word_1_30' title='bbox 394 1365 502 1435; x_wconf 82' lang='lat' dir='ltr'><strong>implere</strong></span> <span class='ocrx_word' id='word_1_31' title='bbox 525 1361 641 1430; x_wconf 87' lang='lat' dir='ltr'><strong>posset.</strong></span> <span class='ocrx_word' id='word_1_32' title='bbox 671 1363 703 1400; x_wconf 86' lang='lat' dir='ltr'><strong>ea</strong></span> <span class='ocrx_word' id='word_1_33' title='bbox 725 1333 878 1413; x_wconf 85' lang='lat' dir='ltr'><strong>pulchritu·</strong></span> <span class='ocrx_word' id='word_1_34' title='bbox 971 1271 1128 1401; x_wconf 60' lang='lat' dir='ltr'><strong>orphen,</strong></span> <span class='ocrx_word' id='word_1_35' title='bbox 1150 1324 1248 1395; x_wconf 55' lang='lat' dir='ltr'>Oeagri</span> <span class='ocrx_word' id='word_1_36' title='bbox 1270 1335 1298 1378; x_wconf 58' lang='lat' dir='ltr'><strong>et</strong></span> <span class='ocrx_word' id='word_1_37' title='bbox 1321 1319 1423 1376; x_wconf 45' lang='lat' dir='ltr'><strong>Gaffio-</strong></span> 
     </span>
    </p>
   </div>
   <div class='ocr_carea' id='block_1_4' title="bbox 393 1406 1428 1966">
    <p class='ocr_par' dir='ltr' id='par_1_4' title="bbox 393 1406 1428 1966">
     <span class='ocr_line' id='line_1_9' title="bbox 393 1406 1422 1522; baseline -0.055 -11"><span class='ocrx_word' id='word_1_38' title='bbox 393 1456 457 1510; x_wconf 85' lang='lat' dir='ltr'><strong>dine</strong></span> <span class='ocrx_word' id='word_1_39' title='bbox 469 1444 608 1522; x_wconf 83' lang='lat' dir='ltr'><strong>preeditus</strong></span> <span class='ocrx_word' id='word_1_40' title='bbox 621 1436 705 1490; x_wconf 89' lang='lat' dir='ltr'><strong>luisse</strong></span> <span class='ocrx_word' id='word_1_41' title='bbox 717 1427 835 1482; x_wconf 84' lang='lat' dir='ltr'><strong>dicitur.</strong></span> <span class='ocrx_word' id='word_1_42' title='bbox 850 1429 881 1471; x_wconf 92' lang='lat' dir='ltr'><strong>ut</strong></span> <span class='ocrx_word' id='word_1_43' title='bbox 935 1435 985 1491; x_wconf 76' lang='lat' dir='ltr'><strong>pne</strong></span> <span class='ocrx_word' id='word_1_44' title='bbox 1012 1431 1103 1469; x_wconf 79' lang='lat' dir='ltr'><strong>musae</strong></span> <span class='ocrx_word' id='word_1_45' title='bbox 1128 1413 1223 1470; x_wconf 85' lang='lat' dir='ltr'><strong>illius.</strong></span> <span class='ocrx_word' id='word_1_46' title='bbox 1249 1423 1281 1464; x_wconf 87' lang='lat' dir='ltr'><strong>nt</strong></span> <span class='ocrx_word' id='word_1_47' title='bbox 1310 1406 1422 1480; x_wconf 79' lang='lat' dir='ltr'><strong>quidam</strong></span> 
     </span>
     <span class='ocr_line' id='line_1_10' title="bbox 394 1495 1424 1596; baseline -0.048 1"><span class='ocrx_word' id='word_1_48' title='bbox 394 1540 518 1596; x_wconf 71' lang='lat' dir='ltr'><strong>lercium</strong></span> <span class='ocrx_word' id='word_1_49' title='bbox 564 1524 750 1583; x_wconf 84' lang='lat' dir='ltr'><strong>mentiretur·</strong></span> <span class='ocrx_word' id='word_1_50' title='bbox 796 1513 880 1565; x_wconf 81' lang='lat' dir='ltr'><strong>Istum</strong></span> <span class='ocrx_word' id='word_1_51' title='bbox 935 1515 1052 1581; x_wconf 84' lang='lat' dir='ltr'><strong>putant.</strong></span> <span class='ocrx_word' id='word_1_52' title='bbox 1071 1501 1202 1574; x_wconf 77' lang='lat' dir='ltr'><strong>Apollinis</strong></span> <span class='ocrx_word' id='word_1_53' title='bbox 1221 1499 1304 1552; x_wconf 73' lang='lat' dir='ltr'><strong>liliam</strong></span> <span class='ocrx_word' id='word_1_54' title='bbox 1321 1495 1424 1548; x_wconf 86' lang='lat' dir='ltr'><strong>babuit</strong></span> 
     </span>
     <span class='ocr_line' id='line_1_11' title="bbox 395 1586 1425 1684; baseline -0.049 1"><span class='ocrx_word' id='word_1_55' title='bbox 395 1648 455 1684; x_wconf 82' lang='lat' dir='ltr'><strong>curn</strong></span> <span class='ocrx_word' id='word_1_56' title='bbox 478 1641 533 1678; x_wconf 81' lang='lat' dir='ltr'><strong>une</strong></span> <span class='ocrx_word' id='word_1_57' title='bbox 555 1637 588 1674; x_wconf 82' lang='lat' dir='ltr'><strong>ea</strong></span> <span class='ocrx_word' id='word_1_58' title='bbox 610 1609 717 1668; x_wconf 82' lang='lat' dir='ltr'><strong>civibus</strong></span> <span class='ocrx_word' id='word_1_59' title='bbox 739 1601 796 1658; x_wconf 85' lang='lat' dir='ltr'><strong>suis</strong></span> <span class='ocrx_word' id='word_1_60' title='bbox 822 1597 880 1652; x_wconf 85' lang='lat' dir='ltr'><strong>vir·</strong></span> <span class='ocrx_word' id='word_1_61' title='bbox 936 1611 1045 1650; x_wconf 78' lang='lat' dir='ltr'><strong>uxorem</strong></span> <span class='ocrx_word' id='word_1_62' title='bbox 1069 1589 1229 1659; x_wconf 78' lang='lat' dir='ltr'><strong>Eurydicen.</strong></span> <span class='ocrx_word' id='word_1_63' title='bbox 1253 1588 1339 1658; x_wconf 79' lang='lat' dir='ltr'><strong>Quum</strong></span> <span class='ocrx_word' id='word_1_64' title='bbox 1361 1586 1425 1636; x_wconf 77' lang='lat' dir='ltr'><strong>duni</strong></span> 
     </span>
     <span class='ocr_line' id='line_1_12' title="bbox 397 1673 1426 1790; baseline -0.049 -17"><span class='ocrx_word' id='word_1_65' title='bbox 397 1733 429 1790; x_wconf 73' lang='lat' dir='ltr'><strong>go</strong></span> <span class='ocrx_word' id='word_1_66' title='bbox 451 1708 550 1769; x_wconf 87' lang='lat' dir='ltr'><strong>nobilis</strong></span> <span class='ocrx_word' id='word_1_67' title='bbox 577 1703 748 1757; x_wconf 77' lang='lat' dir='ltr'><strong>adamasset.</strong></span> <span class='ocrx_word' id='word_1_68' title='bbox 776 1685 883 1756; x_wconf 73' lang='lat' dir='ltr'><strong>etipse</strong></span> <span class='ocrx_word' id='word_1_69' title='bbox 937 1683 1074 1737; x_wconf 70' lang='lat' dir='ltr'><strong>Aristaeno</strong></span> <span class='ocrx_word' id='word_1_70' title='bbox 1101 1677 1216 1746; x_wconf 80' lang='lat' dir='ltr'><strong>Cyrenes</strong></span> <span class='ocrx_word' id='word_1_71' title='bbox 1240 1673 1311 1728; x_wconf 84' lang='lat' dir='ltr'><strong>filius</strong></span> <span class='ocrx_word' id='word_1_72' title='bbox 1335 1681 1426 1744; x_wconf 89' lang='lat' dir='ltr'><strong>paster</strong></span> 
     </span>
     <span class='ocr_line' id='line_1_13' title="bbox 396 1761 1428 1862; baseline -0.053 1"><span class='ocrx_word' id='word_1_73' title='bbox 396 1798 574 1862; x_wconf 79' lang='lat' dir='ltr'><strong>mediocribus</strong></span> <span class='ocrx_word' id='word_1_74' title='bbox 599 1799 674 1845; x_wconf 87' lang='lat' dir='ltr'><strong>ortus</strong></span> <span class='ocrx_word' id='word_1_75' title='bbox 697 1775 882 1856; x_wconf 83' lang='lat' dir='ltr'><strong>parentibus.</strong></span> <span class='ocrx_word' id='word_1_76' title='bbox 939 1771 1053 1844; x_wconf 88' lang='lat' dir='ltr'><strong>cupidus</strong></span> <span class='ocrx_word' id='word_1_77' title='bbox 1067 1761 1356 1840; x_wconf 81' lang='lat' dir='ltr'><strong>persequitur.rolerss</strong></span> <span class='ocrx_word' id='word_1_78' title='bbox 1370 1777 1428 1813; x_wconf 87' lang='lat' dir='ltr'><strong>eam</strong></span> 
     </span>
     <span class='ocr_line' id='line_1_14' title="bbox 397 1845 1428 1966; baseline -0.048 -19"><span class='ocrx_word' id='word_1_79' title='bbox 397 1893 463 1966; x_wconf 86' lang='lat' dir='ltr'><strong>quin</strong></span> <span class='ocrx_word' id='word_1_80' title='bbox 484 1883 593 1958; x_wconf 85' lang='lat' dir='ltr'><strong>nuptias</strong></span> <span class='ocrx_word' id='word_1_81' title='bbox 611 1867 792 1946; x_wconf 80' lang='lat' dir='ltr'><strong>desperabat.</strong></span> <span class='ocrx_word' id='word_1_82' title='bbox 810 1857 884 1931; x_wconf 77' lang='lat' dir='ltr'><strong>qu⁰d</strong></span> <span class='ocrx_word' id='word_1_83' title='bbox 939 1871 1080 1933; x_wconf 81' lang='lat' dir='ltr'><strong>stuprare,</strong></span> <span class='ocrx_word' id='word_1_84' title='bbox 1107 1855 1152 1908; x_wconf 78' lang='lat' dir='ltr'><strong>ille</strong></span> <span class='ocrx_word' id='word_1_85' title='bbox 1174 1851 1278 1922; x_wconf 73' lang='lat' dir='ltr'><strong>lugiens</strong></span> <span class='ocrx_word' id='word_1_86' title='bbox 1299 1845 1428 1903; x_wconf 87' lang='lat' dir='ltr'><strong>concubi-</strong></span> 
     </span>
    </p>
   </div>
   <div class='ocr_carea' id='block_1_5' title="bbox 397 1933 1438 2569">
    <p class='ocr_par' dir='ltr' id='par_1_5' title="bbox 397 1933 1438 2569">
     <span class='ocr_line' id='line_1_15' title="bbox 397 1933 1429 2055; baseline -0.047 -19"><span class='ocrx_word' id='word_1_87' title='bbox 397 1985 504 2055; x_wconf 85' lang='lat' dir='ltr'><strong>poterat</strong></span> <span class='ocrx_word' id='word_1_88' title='bbox 530 1983 621 2026; x_wconf 79' lang='lat' dir='ltr'><strong>tumen</strong></span> <span class='ocrx_word' id='word_1_89' title='bbox 650 1958 766 2034; x_wconf 73' lang='lat' dir='ltr'><strong>puellam</strong></span> <span class='ocrx_word' id='word_1_90' title='bbox 795 1960 886 2004; x_wconf 85' lang='lat' dir='ltr'><strong>estre-</strong></span> <span class='ocrx_word' id='word_1_91' title='bbox 941 1959 1016 2006; x_wconf 84' lang='lat' dir='ltr'><strong>tum.</strong></span> <span class='ocrx_word' id='word_1_92' title='bbox 1032 1954 1181 2015; x_wconf 79' lang='lat' dir='ltr'><strong>serpentem</strong></span> <span class='ocrx_word' id='word_1_93' title='bbox 1199 1957 1253 1994; x_wconf 86' lang='lat' dir='ltr'><strong>non</strong></span> <span class='ocrx_word' id='word_1_94' title='bbox 1271 1933 1429 1998; x_wconf 54' lang='lat' dir='ltr'><strong>devicerim</strong></span> 
     </span>
     <span class='ocr_line' id='line_1_16' title="bbox 398 2021 1431 2122; baseline -0.052 1"><span class='ocrx_word' id='word_1_95' title='bbox 398 2085 441 2122; x_wconf 74' lang='lat' dir='ltr'><strong>na</strong></span> <span class='ocrx_word' id='word_1_96' title='bbox 464 2058 560 2117; x_wconf 75' lang='lat' dir='ltr'><strong>amoris</strong></span> <span class='ocrx_word' id='word_1_97' title='bbox 579 2055 651 2108; x_wconf 85' lang='lat' dir='ltr'><strong>linea</strong></span> <span class='ocrx_word' id='word_1_98' title='bbox 670 2045 804 2113; x_wconf 78' lang='lat' dir='ltr'><strong>diligens.</strong></span> <span class='ocrx_word' id='word_1_99' title='bbox 827 2037 885 2091; x_wconf 73' lang='lat' dir='ltr'><strong>eius</strong></span> <span class='ocrx_word' id='word_1_100' title='bbox 940 2045 969 2089; x_wconf 89' lang='lat' dir='ltr'><strong>et</strong></span> <span class='ocrx_word' id='word_1_101' title='bbox 994 2033 1060 2086; x_wconf 87' lang='lat' dir='ltr'><strong>baec</strong></span> <span class='ocrx_word' id='word_1_102' title='bbox 1086 2031 1113 2082; x_wconf 83' lang='lat' dir='ltr'><strong>ei</strong></span> <span class='ocrx_word' id='word_1_103' title='bbox 1140 2045 1220 2082; x_wconf 75' lang='lat' dir='ltr'><strong>eausa</strong></span> <span class='ocrx_word' id='word_1_104' title='bbox 1247 2022 1340 2079; x_wconf 82' lang='lat' dir='ltr'><strong>mortis</strong></span> <span class='ocrx_word' id='word_1_105' title='bbox 1368 2021 1431 2076; x_wconf 85' lang='lat' dir='ltr'><strong>luit.</strong></span> 
     </span>
     <span class='ocr_line' id='line_1_17' title="bbox 400 2109 1430 2210; baseline -0.05 1"><span class='ocrx_word' id='word_1_106' title='bbox 400 2155 489 2210; x_wconf 84' lang='lat' dir='ltr'><strong>animo</strong></span> <span class='ocrx_word' id='word_1_107' title='bbox 510 2147 566 2203; x_wconf 91' lang='lat' dir='ltr'><strong>solo</strong></span> <span class='ocrx_word' id='word_1_108' title='bbox 587 2131 770 2196; x_wconf 76' lang='lat' dir='ltr'><strong>satisfaciebat</strong></span> <span class='ocrx_word' id='word_1_109' title='bbox 795 2141 887 2197; x_wconf 80' lang='lat' dir='ltr'><strong>espec·</strong></span> <span class='ocrx_word' id='word_1_110' title='bbox 940 2120 1065 2194; x_wconf 86' lang='lat' dir='ltr'><strong>Orpbeus</strong></span> <span class='ocrx_word' id='word_1_111' title='bbox 1082 2125 1189 2170; x_wconf 83' lang='lat' dir='ltr'><strong>coactus</strong></span> <span class='ocrx_word' id='word_1_112' title='bbox 1208 2109 1342 2165; x_wconf 85' lang='lat' dir='ltr'><strong>desiderio</strong></span> <span class='ocrx_word' id='word_1_113' title='bbox 1363 2125 1430 2161; x_wconf 89' lang='lat' dir='ltr'><strong>con-</strong></span> 
     </span>
     <span class='ocr_line' id='line_1_18' title="bbox 400 2198 1431 2304; baseline -0.049 -6"><span class='ocrx_word' id='word_1_114' title='bbox 400 2255 443 2298; x_wconf 87' lang='lat' dir='ltr'><strong>tu.</strong></span> <span class='ocrx_word' id='word_1_115' title='bbox 479 2239 600 2304; x_wconf 83' lang='lat' dir='ltr'><strong>Cumque</strong></span> <span class='ocrx_word' id='word_1_116' title='bbox 634 2223 737 2280; x_wconf 86' lang='lat' dir='ltr'><strong>nobiles</strong></span> <span class='ocrx_word' id='word_1_117' title='bbox 773 2213 887 2268; x_wconf 72' lang='lat' dir='ltr'><strong>feminae</strong></span> <span class='ocrx_word' id='word_1_118' title='bbox 944 2209 1028 2279; x_wconf 71' lang='lat' dir='ltr'><strong>iugis.</strong></span> <span class='ocrx_word' id='word_1_119' title='bbox 1047 2203 1192 2276; x_wconf 82' lang='lat' dir='ltr'><strong>temptavit</strong></span> <span class='ocrx_word' id='word_1_120' title='bbox 1209 2198 1351 2254; x_wconf 84' lang='lat' dir='ltr'><strong>dulcedine</strong></span> <span class='ocrx_word' id='word_1_121' title='bbox 1365 2213 1431 2249; x_wconf 81' lang='lat' dir='ltr'><strong>cen-</strong></span> 
     </span>
     <span class='ocr_line' id='line_1_19' title="bbox 401 2289 1435 2390; baseline -0.045 -6"><span class='ocrx_word' id='word_1_122' title='bbox 401 2346 462 2384; x_wconf 76' lang='lat' dir='ltr'><strong>eun</strong></span> <span class='ocrx_word' id='word_1_123' title='bbox 490 2315 641 2390; x_wconf 66' lang='lat' dir='ltr'><strong>virginius</strong></span> <span class='ocrx_word' id='word_1_124' title='bbox 678 2323 753 2363; x_wconf 74' lang='lat' dir='ltr'><strong>sarra</strong></span> <span class='ocrx_word' id='word_1_125' title='bbox 785 2297 888 2356; x_wconf 75' lang='lat' dir='ltr'><strong>Cereris</strong></span> <span class='ocrx_word' id='word_1_126' title='bbox 945 2311 989 2354; x_wconf 82' lang='lat' dir='ltr'><strong>rus</strong></span> <span class='ocrx_word' id='word_1_127' title='bbox 1024 2295 1143 2348; x_wconf 75' lang='lat' dir='ltr'><strong>citharae</strong></span> <span class='ocrx_word' id='word_1_128' title='bbox 1170 2289 1253 2344; x_wconf 79' lang='lat' dir='ltr'><strong>tenire</strong></span> <span class='ocrx_word' id='word_1_129' title='bbox 1283 2289 1372 2342; x_wconf 80' lang='lat' dir='ltr'><strong>Ditem</strong></span> <span class='ocrx_word' id='word_1_130' title='bbox 1405 2295 1435 2338; x_wconf 81' lang='lat' dir='ltr'><strong>et</strong></span> 
     </span>
     <span class='ocr_line' id='line_1_20' title="bbox 400 2377 1436 2474; baseline -0.047 -1"><span class='ocrx_word' id='word_1_131' title='bbox 400 2414 534 2474; x_wconf 87' lang='lat' dir='ltr'><strong>eleusinae</strong></span> <span class='ocrx_word' id='word_1_132' title='bbox 568 2402 761 2460; x_wconf 80' lang='lat' dir='ltr'><strong>cdcbrcrent.</strong></span> <span class='ocrx_word' id='word_1_133' title='bbox 797 2387 889 2444; x_wconf 86' lang='lat' dir='ltr'><strong>subito</strong></span> <span class='ocrx_word' id='word_1_134' title='bbox 945 2384 1150 2458; x_wconf 80' lang='lat' dir='ltr'><strong>Proserpinam.</strong></span> <span class='ocrx_word' id='word_1_135' title='bbox 1175 2379 1200 2435; x_wconf 89' lang='lat' dir='ltr'><strong>si</strong></span> <span class='ocrx_word' id='word_1_136' title='bbox 1228 2388 1320 2449; x_wconf 87' lang='lat' dir='ltr'><strong>posset</strong></span> <span class='ocrx_word' id='word_1_137' title='bbox 1346 2377 1436 2444; x_wconf 78' lang='lat' dir='ltr'><strong>Eury-</strong></span> 
     </span>
     <span class='ocr_line' id='line_1_21' title="bbox 402 2457 1438 2569; baseline -0.051 -7"><span class='ocrx_word' id='word_1_138' title='bbox 402 2508 520 2562; x_wconf 79' lang='lat' dir='ltr'><strong>adventu</strong></span> <span class='ocrx_word' id='word_1_139' title='bbox 541 2497 689 2569; x_wconf 82' lang='lat' dir='ltr'><strong>piratarum</strong></span> <span class='ocrx_word' id='word_1_140' title='bbox 702 2495 796 2557; x_wconf 74' lang='lat' dir='ltr'><strong>raptae</strong></span> <span class='ocrx_word' id='word_1_141' title='bbox 810 2487 890 2532; x_wconf 87' lang='lat' dir='ltr'><strong>sunt:</strong></span> <span class='ocrx_word' id='word_1_142' title='bbox 947 2471 1025 2524; x_wconf 84' lang='lat' dir='ltr'><strong>dicen</strong></span> <span class='ocrx_word' id='word_1_143' title='bbox 1041 2467 1077 2520; x_wconf 92' lang='lat' dir='ltr'><strong>ad</strong></span> <span class='ocrx_word' id='word_1_144' title='bbox 1097 2481 1204 2536; x_wconf 81' lang='lat' dir='ltr'><strong>superos</strong></span> <span class='ocrx_word' id='word_1_145' title='bbox 1225 2475 1356 2516; x_wconf 78' lang='lat' dir='ltr'><strong>revocare·</strong></span> <span class='ocrx_word' id='word_1_146' title='bbox 1375 2457 1438 2510; x_wconf 89' lang='lat' dir='ltr'><strong>Des·</strong></span> 
     </span>
    </p>
   </div>
   <div class='ocr_carea' id='block_1_6' title="bbox 720 2545 1438 2638">
    <p class='ocr_par' dir='ltr' id='par_1_6' title="bbox 720 2545 1438 2638">
     <span class='ocr_line' id='line_1_22' title="bbox 720 2545 1438 2638; baseline -0.047 -7"><span class='ocrx_word' id='word_1_147' title='bbox 720 2589 820 2630; x_wconf 88' lang='lat' dir='ltr'><strong>naeus,</strong></span> <span class='ocrx_word' id='word_1_148' title='bbox 842 2567 891 2638; x_wconf 89' lang='lat' dir='ltr'><strong>qui</strong></span> <span class='ocrx_word' id='word_1_149' title='bbox 948 2556 1062 2610; x_wconf 82' lang='lat' dir='ltr'><strong>condens</strong></span> <span class='ocrx_word' id='word_1_150' title='bbox 1086 2554 1169 2622; x_wconf 76' lang='lat' dir='ltr'><strong>igitur</strong></span> <span class='ocrx_word' id='word_1_151' title='bbox 1197 2550 1233 2604; x_wconf 79' lang='lat' dir='ltr'><strong>sd</strong></span> <span class='ocrx_word' id='word_1_152' title='bbox 1259 2546 1383 2602; x_wconf 81' lang='lat' dir='ltr'><strong>inlesos.</strong></span> <span class='ocrx_word' id='word_1_153' title='bbox 1409 2545 1438 2598; x_wconf 91' lang='lat' dir='ltr'><strong>in</strong></span> 
     </span>
    </p>
   </div>
   <div class='ocr_carea' id='block_1_7' title="bbox 404 2737 1442 2931">
    <p class='ocr_par' dir='ltr' id='par_1_7' title="bbox 404 2737 1442 2931">
     <span class='ocr_line' id='line_1_23' title="bbox 404 2737 1005 2842; baseline -0.087 -11"><span class='ocrx_word' id='word_1_154' title='bbox 404 2792 463 2828; x_wconf 83' lang='lat' dir='ltr'><strong>cum</strong></span> <span class='ocrx_word' id='word_1_155' title='bbox 482 2767 571 2842; x_wconf 86' lang='lat' dir='ltr'><strong>puella</strong></span> <span class='ocrx_word' id='word_1_156' title='bbox 594 2757 735 2830; x_wconf 70' lang='lat' dir='ltr'><strong>abripitur.</strong></span> <span class='ocrx_word' id='word_1_157' title='bbox 753 2751 820 2805; x_wconf 85' lang='lat' dir='ltr'><strong>Cum</strong></span> <span class='ocrx_word' id='word_1_158' title='bbox 841 2744 892 2812; x_wconf 75' lang='lat' dir='ltr'><strong>igi·</strong></span> <span class='ocrx_word' id='word_1_159' title='bbox 999 2737 1005 2748; x_wconf 85' lang='lat'>&#39;</span> 
     </span>
     <span class='ocr_line' id='line_1_24' title="bbox 407 2814 1442 2931; baseline -0.067 -12"><span class='ocrx_word' id='word_1_160' title='bbox 407 2875 451 2916; x_wconf 83' lang='lat' dir='ltr'><strong>tur</strong></span> <span class='ocrx_word' id='word_1_161' title='bbox 473 2875 519 2931; x_wconf 91' lang='lat' dir='ltr'><strong>per</strong></span> <span class='ocrx_word' id='word_1_162' title='bbox 541 2849 687 2920; x_wconf 79' lang='lat' dir='ltr'><strong>longinque</strong></span> <span class='ocrx_word' id='word_1_163' title='bbox 708 2839 792 2894; x_wconf 85' lang='lat' dir='ltr'><strong>marin</strong></span> <span class='ocrx_word' id='word_1_164' title='bbox 817 2850 893 2906; x_wconf 79' lang='lat' dir='ltr'><strong>pree·</strong></span> <span class='ocrx_word' id='word_1_165' title='bbox 951 2823 1036 2879; x_wconf 80' lang='lat' dir='ltr'><strong>travit</strong></span> <span class='ocrx_word' id='word_1_166' title='bbox 1066 2818 1218 2888; x_wconf 70' lang='lat' dir='ltr'><strong>Eurydicen</strong></span> <span class='ocrx_word' id='word_1_167' title='bbox 1248 2814 1287 2868; x_wconf 81' lang='lat' dir='ltr'><strong>ite</strong></span> <span class='ocrx_word' id='word_1_168' title='bbox 1314 2815 1442 2869; x_wconf 65' lang='lat' dir='ltr'><strong>demum,</strong></span> 
     </span>
    </p>
   </div>
   <div class='ocr_carea' id='block_1_8' title="bbox 386 2900 1452 3634">
    <p class='ocr_par' dir='ltr' id='par_1_8' title="bbox 386 2900 1452 3634">
     <span class='ocr_line' id='line_1_25' title="bbox 408 2900 1439 3018; baseline -0.054 -14"><span class='ocrx_word' id='word_1_169' title='bbox 408 2953 469 3004; x_wconf 85' lang='lat' dir='ltr'><strong>dam</strong></span> <span class='ocrx_word' id='word_1_170' title='bbox 482 2949 586 3018; x_wconf 83' lang='lat' dir='ltr'><strong>piratae</strong></span> <span class='ocrx_word' id='word_1_171' title='bbox 598 2926 794 2992; x_wconf 76' lang='lat' dir='ltr'><strong>rexissent.ed</strong></span> <span class='ocrx_word' id='word_1_172' title='bbox 809 2939 895 2995; x_wconf 85' lang='lat' dir='ltr'><strong>qnan-</strong></span> <span class='ocrx_word' id='word_1_173' title='bbox 951 2914 975 2964; x_wconf 81' lang='lat' dir='ltr'><strong>si</strong></span> <span class='ocrx_word' id='word_1_174' title='bbox 994 2927 1049 2962; x_wconf 84' lang='lat' dir='ltr'><strong>uon</strong></span> <span class='ocrx_word' id='word_1_175' title='bbox 1069 2917 1131 2960; x_wconf 80' lang='lat' dir='ltr'><strong>ente</strong></span> <span class='ocrx_word' id='word_1_176' title='bbox 1148 2900 1329 2974; x_wconf 80' lang='lat' dir='ltr'><strong>respexisset.</strong></span> <span class='ocrx_word' id='word_1_177' title='bbox 1357 2917 1439 2970; x_wconf 87' lang='lat' dir='ltr'><strong>quam</strong></span> 
     </span>
     <span class='ocr_line' id='line_1_26' title="bbox 409 2988 1441 3099; baseline -0.05 -6"><span class='ocrx_word' id='word_1_178' title='bbox 409 3039 471 3092; x_wconf 84' lang='lat' dir='ltr'><strong>dam</strong></span> <span class='ocrx_word' id='word_1_179' title='bbox 503 3029 636 3099; x_wconf 72' lang='lat' dir='ltr'><strong>regionem</strong></span> <span class='ocrx_word' id='word_1_180' title='bbox 665 3017 772 3075; x_wconf 85' lang='lat' dir='ltr'><strong>tandem</strong></span> <span class='ocrx_word' id='word_1_181' title='bbox 802 3025 897 3084; x_wconf 81' lang='lat' dir='ltr'><strong>perre-</strong></span> <span class='ocrx_word' id='word_1_182' title='bbox 954 3000 989 3054; x_wconf 77' lang='lat' dir='ltr'><strong>ad</strong></span> <span class='ocrx_word' id='word_1_183' title='bbox 1009 3013 1119 3070; x_wconf 86' lang='lat' dir='ltr'><strong>superos</strong></span> <span class='ocrx_word' id='word_1_184' title='bbox 1138 2992 1299 3066; x_wconf 84' lang='lat' dir='ltr'><strong>perveniret·</strong></span> <span class='ocrx_word' id='word_1_185' title='bbox 1320 2988 1441 3046; x_wconf 86' lang='lat' dir='ltr'><strong>Deinde.</strong></span> 
     </span>
     <span class='ocr_line' id='line_1_27' title="bbox 386 3079 1445 3182; baseline -0.052 -4"><span class='ocrx_word' id='word_1_186' title='bbox 386 3127 510 3182; x_wconf 48' lang='lat' dir='ltr'><strong>minut.</strong></span> <span class='ocrx_word' id='word_1_187' title='bbox 538 3115 587 3170; x_wconf 86' lang='lat' dir='ltr'><strong>ubi</strong></span> <span class='ocrx_word' id='word_1_188' title='bbox 613 3123 642 3165; x_wconf 87' lang='lat' dir='ltr'><strong>et</strong></span> <span class='ocrx_word' id='word_1_189' title='bbox 669 3123 762 3162; x_wconf 85' lang='lat' dir='ltr'><strong>somno</strong></span> <span class='ocrx_word' id='word_1_190' title='bbox 787 3097 897 3172; x_wconf 85' lang='lat' dir='ltr'><strong>pressi.</strong></span> <span class='ocrx_word' id='word_1_191' title='bbox 954 3101 986 3142; x_wconf 87' lang='lat' dir='ltr'><strong>ut</strong></span> <span class='ocrx_word' id='word_1_192' title='bbox 1007 3099 1053 3140; x_wconf 80' lang='lat' dir='ltr'><strong>cst</strong></span> <span class='ocrx_word' id='word_1_193' title='bbox 1085 3084 1152 3138; x_wconf 81' lang='lat' dir='ltr'><strong>duro</strong></span> <span class='ocrx_word' id='word_1_194' title='bbox 1181 3079 1328 3135; x_wconf 80' lang='lat' dir='ltr'><strong>ementium</strong></span> <span class='ocrx_word' id='word_1_195' title='bbox 1355 3093 1445 3148; x_wconf 81' lang='lat' dir='ltr'><strong>perse-</strong></span> 
     </span>
     <span class='ocr_line' id='line_1_28' title="bbox 410 3165 1444 3278; baseline -0.058 -11"><span class='ocrx_word' id='word_1_196' title='bbox 410 3215 445 3269; x_wconf 80' lang='lat' dir='ltr'><strong>rb</strong></span> <span class='ocrx_word' id='word_1_197' title='bbox 464 3199 667 3278; x_wconf 87' lang='lat' dir='ltr'><strong>insequentibus</strong></span> <span class='ocrx_word' id='word_1_198' title='bbox 681 3205 745 3250; x_wconf 87' lang='lat' dir='ltr'><strong>sunt</strong></span> <span class='ocrx_word' id='word_1_199' title='bbox 758 3187 898 3264; x_wconf 85' lang='lat' dir='ltr'><strong>perempti.</strong></span> <span class='ocrx_word' id='word_1_200' title='bbox 954 3173 1104 3230; x_wconf 76' lang='lat' dir='ltr'><strong>verentia.</strong></span> <span class='ocrx_word' id='word_1_201' title='bbox 1135 3167 1259 3241; x_wconf 85' lang='lat' dir='ltr'><strong>Orpheus</strong></span> <span class='ocrx_word' id='word_1_202' title='bbox 1286 3165 1382 3222; x_wconf 75' lang='lat' dir='ltr'><strong>timens</strong></span> <span class='ocrx_word' id='word_1_203' title='bbox 1410 3180 1444 3215; x_wconf 76' lang='lat' dir='ltr'><strong>ne</strong></span> 
     </span>
     <span class='ocr_line' id='line_1_29' title="bbox 409 3249 1447 3374; baseline -0.041 -30"><span class='ocrx_word' id='word_1_204' title='bbox 409 3307 595 3374; x_wconf 74' lang='lat' dir='ltr'><strong>Hymenaeus,</strong></span> <span class='ocrx_word' id='word_1_205' title='bbox 619 3284 721 3342; x_wconf 57' lang='lat' dir='ltr'><strong>reneri,</strong></span> <span class='ocrx_word' id='word_1_206' title='bbox 749 3279 790 3334; x_wconf 85' lang='lat' dir='ltr'><strong>ibi</strong></span> <span class='ocrx_word' id='word_1_207' title='bbox 814 3276 901 3344; x_wconf 71' lang='lat' dir='ltr'><strong>virgi-</strong></span> <span class='ocrx_word' id='word_1_208' title='bbox 957 3279 1011 3316; x_wconf 87' lang='lat' dir='ltr'><strong>non</strong></span> <span class='ocrx_word' id='word_1_209' title='bbox 1056 3260 1153 3312; x_wconf 80' lang='lat' dir='ltr'><strong>inesset</strong></span> <span class='ocrx_word' id='word_1_210' title='bbox 1198 3253 1326 3327; x_wconf 82' lang='lat' dir='ltr'><strong>pollicitis</strong></span> <span class='ocrx_word' id='word_1_211' title='bbox 1372 3249 1447 3304; x_wconf 79' lang='lat' dir='ltr'><strong>Ditis</strong></span> 
     </span>
     <span class='ocr_line' id='line_1_30' title="bbox 412 3337 1449 3446; baseline -0.055 -1"><span class='ocrx_word' id='word_1_212' title='bbox 412 3389 516 3446; x_wconf 84' lang='lat' dir='ltr'><strong>nibus.</strong></span> <span class='ocrx_word' id='word_1_213' title='bbox 541 3392 662 3438; x_wconf 82' lang='lat' dir='ltr'><strong>reversus</strong></span> <span class='ocrx_word' id='word_1_214' title='bbox 690 3369 808 3424; x_wconf 74' lang='lat' dir='ltr'><strong>Athenas</strong></span> <span class='ocrx_word' id='word_1_215' title='bbox 835 3379 901 3436; x_wconf 85' lang='lat' dir='ltr'><strong>psc-</strong></span> <span class='ocrx_word' id='word_1_216' title='bbox 955 3351 1044 3407; x_wconf 84' lang='lat' dir='ltr'><strong>fides.</strong></span> <span class='ocrx_word' id='word_1_217' title='bbox 1069 3345 1205 3420; x_wconf 83' lang='lat' dir='ltr'><strong>respexit.</strong></span> <span class='ocrx_word' id='word_1_218' title='bbox 1227 3353 1255 3398; x_wconf 86' lang='lat' dir='ltr'><strong>et</strong></span> <span class='ocrx_word' id='word_1_219' title='bbox 1279 3342 1386 3395; x_wconf 86' lang='lat' dir='ltr'><strong>irritum</strong></span> <span class='ocrx_word' id='word_1_220' title='bbox 1409 3337 1449 3390; x_wconf 82' lang='lat' dir='ltr'><strong>ie-</strong></span> 
     </span>
     <span class='ocr_line' id='line_1_31' title="bbox 413 3433 1451 3534; baseline -0.053 0"><span class='ocrx_word' id='word_1_221' title='bbox 413 3491 458 3534; x_wconf 89' lang='lat' dir='ltr'><strong>tus</strong></span> <span class='ocrx_word' id='word_1_222' title='bbox 480 3484 520 3529; x_wconf 90' lang='lat' dir='ltr'><strong>est</strong></span> <span class='ocrx_word' id='word_1_223' title='bbox 543 3487 559 3522; x_wconf 83' lang='lat' dir='ltr'><strong>e</strong></span> <span class='ocrx_word' id='word_1_224' title='bbox 581 3463 684 3521; x_wconf 83' lang='lat' dir='ltr'><strong>civibus</strong></span> <span class='ocrx_word' id='word_1_225' title='bbox 703 3457 818 3510; x_wconf 85' lang='lat' dir='ltr'><strong>dilectae</strong></span> <span class='ocrx_word' id='word_1_226' title='bbox 839 3466 903 3504; x_wconf 90' lang='lat' dir='ltr'><strong>suae</strong></span> <span class='ocrx_word' id='word_1_227' title='bbox 957 3441 996 3495; x_wconf 90' lang='lat' dir='ltr'><strong>cit</strong></span> <span class='ocrx_word' id='word_1_228' title='bbox 1030 3457 1107 3494; x_wconf 87' lang='lat' dir='ltr'><strong>suurn</strong></span> <span class='ocrx_word' id='word_1_229' title='bbox 1144 3435 1282 3489; x_wconf 77' lang='lat' dir='ltr'><strong>laborent·</strong></span> <span class='ocrx_word' id='word_1_230' title='bbox 1320 3433 1451 3485; x_wconf 80' lang='lat' dir='ltr'><strong>Reversus</strong></span> 
     </span>
     <span class='ocr_line' id='line_1_32' title="bbox 411 3519 1452 3634; baseline -0.051 -14"><span class='ocrx_word' id='word_1_231' title='bbox 411 3563 547 3634; x_wconf 79' lang='lat' dir='ltr'><strong>nuptias.</strong></span> <span class='ocrx_word' id='word_1_232' title='bbox 573 3555 597 3608; x_wconf 87' lang='lat' dir='ltr'><strong>si</strong></span> <span class='ocrx_word' id='word_1_233' title='bbox 620 3551 659 3605; x_wconf 84' lang='lat' dir='ltr'><strong>cis</strong></span> <span class='ocrx_word' id='word_1_234' title='bbox 684 3545 755 3600; x_wconf 83' lang='lat' dir='ltr'><strong>lilies</strong></span> <span class='ocrx_word' id='word_1_235' title='bbox 776 3558 837 3596; x_wconf 88' lang='lat' dir='ltr'><strong>suas</strong></span> <span class='ocrx_word' id='word_1_236' title='bbox 860 3555 905 3592; x_wconf 91' lang='lat' dir='ltr'><strong>re-</strong></span> <span class='ocrx_word' id='word_1_237' title='bbox 959 3529 1057 3585; x_wconf 88' lang='lat' dir='ltr'><strong>deinde</strong></span> <span class='ocrx_word' id='word_1_238' title='bbox 1078 3527 1111 3580; x_wconf 83' lang='lat' dir='ltr'><strong>ad</strong></span> <span class='ocrx_word' id='word_1_239' title='bbox 1136 3541 1244 3597; x_wconf 91' lang='lat' dir='ltr'><strong>superos</strong></span> <span class='ocrx_word' id='word_1_240' title='bbox 1260 3559 1267 3580; x_wconf 87' lang='lat'><strong>.</strong></span> <span class='ocrx_word' id='word_1_241' title='bbox 1286 3519 1334 3590; x_wconf 88' lang='lat' dir='ltr'><strong>qui</strong></span> <span class='ocrx_word' id='word_1_242' title='bbox 1357 3534 1452 3590; x_wconf 84' lang='lat' dir='ltr'><strong>parurn</strong></span> 
     </span>
    </p>
   </div>
   <div class='ocr_carea' id='block_1_9' title="bbox 415 3618 1455 3796">
    <p class='ocr_par' dir='ltr' id='par_1_9' title="bbox 415 3618 1455 3796">
     <span class='ocr_line' id='line_1_33' title="bbox 415 3618 1453 3732; baseline -0.05 -24"><span class='ocrx_word' id='word_1_243' title='bbox 415 3653 555 3732; x_wconf 79' lang='lat' dir='ltr'><strong>stitueret·</strong></span> <span class='ocrx_word' id='word_1_244' title='bbox 582 3643 655 3713; x_wconf 85' lang='lat' dir='ltr'><strong>Quas</strong></span> <span class='ocrx_word' id='word_1_245' title='bbox 684 3633 733 3688; x_wconf 88' lang='lat' dir='ltr'><strong>ubi</strong></span> <span class='ocrx_word' id='word_1_246' title='bbox 760 3649 808 3704; x_wconf 87' lang='lat' dir='ltr'><strong>pro</strong></span> <span class='ocrx_word' id='word_1_247' title='bbox 840 3637 904 3684; x_wconf 82' lang='lat' dir='ltr'><strong>vote</strong></span> <span class='ocrx_word' id='word_1_248' title='bbox 960 3636 1095 3693; x_wconf 79' lang='lat' dir='ltr'><strong>prosperas</strong></span> <span class='ocrx_word' id='word_1_249' title='bbox 1128 3625 1252 3686; x_wconf 77' lang='lat' dir='ltr'><strong>expertus</strong></span> <span class='ocrx_word' id='word_1_250' title='bbox 1289 3618 1348 3664; x_wconf 88' lang='lat' dir='ltr'><strong>erat</strong></span> <span class='ocrx_word' id='word_1_251' title='bbox 1380 3625 1453 3678; x_wconf 85' lang='lat' dir='ltr'><strong>nup-</strong></span> 
     </span>
     <span class='ocr_line' id='line_1_34' title="bbox 417 3692 1455 3796; baseline -0.05 -1"><span class='ocrx_word' id='word_1_252' title='bbox 417 3733 567 3795; x_wconf 87' lang='lat' dir='ltr'><strong>restituit.</strong></span> <span class='ocrx_word' id='word_1_253' title='bbox 610 3731 764 3796; x_wconf 78' lang='lat' dir='ltr'><strong>exoptatam</strong></span> <span class='ocrx_word' id='word_1_254' title='bbox 802 3717 903 3788; x_wconf 82' lang='lat' dir='ltr'><strong>acecpit</strong></span> <span class='ocrx_word' id='word_1_255' title='bbox 961 3709 1039 3765; x_wconf 74' lang='lat' dir='ltr'><strong>tias.</strong></span> <span class='ocrx_word' id='word_1_256' title='bbox 1065 3721 1173 3778; x_wconf 86' lang='lat' dir='ltr'><strong>perosus</strong></span> <span class='ocrx_word' id='word_1_257' title='bbox 1199 3715 1275 3754; x_wconf 83' lang='lat' dir='ltr'><strong>omne</strong></span> <span class='ocrx_word' id='word_1_258' title='bbox 1306 3711 1387 3764; x_wconf 76' lang='lat' dir='ltr'><strong>genus</strong></span> <span class='ocrx_word' id='word_1_259' title='bbox 1414 3692 1455 3744; x_wconf 89' lang='lat' dir='ltr'><strong>le-</strong></span> 
     </span>
    </p>
   </div>
   <div class='ocr_carea' id='block_1_10' title="bbox 417 3779 1454 3977">
    <p class='ocr_par' dir='ltr' id='par_1_10' title="bbox 417 3779 1454 3977">
     <span class='ocr_line' id='line_1_35' title="bbox 417 3779 1454 3894; baseline -0.051 -8"><span class='ocrx_word' id='word_1_260' title='bbox 417 3846 533 3884; x_wconf 74' lang='lat' dir='ltr'><strong>uxorem.</strong></span> <span class='ocrx_word' id='word_1_261' title='bbox 558 3819 636 3894; x_wconf 86' lang='lat' dir='ltr'><strong>Quod</strong></span> <span class='ocrx_word' id='word_1_262' title='bbox 658 3810 813 3880; x_wconf 76' lang='lat' dir='ltr'><strong>coniugium</strong></span> <span class='ocrx_word' id='word_1_263' title='bbox 840 3810 905 3879; x_wconf 74' lang='lat' dir='ltr'><strong>quia</strong></span> <span class='ocrx_word' id='word_1_264' title='bbox 961 3798 1102 3851; x_wconf 83' lang='lat' dir='ltr'><strong>mineum.</strong></span> <span class='ocrx_word' id='word_1_265' title='bbox 1133 3783 1325 3846; x_wconf 87' lang='lat' dir='ltr'><strong>solitudinibus</strong></span> <span class='ocrx_word' id='word_1_266' title='bbox 1347 3799 1375 3837; x_wconf 88' lang='lat' dir='ltr'><strong>se</strong></span> <span class='ocrx_word' id='word_1_267' title='bbox 1404 3779 1454 3834; x_wconf 89' lang='lat' dir='ltr'><strong>de-</strong></span> 
     </span>
     <span class='ocr_line' id='line_1_36' title="bbox 420 3885 1133 3977; baseline -0.056 -2"><span class='ocrx_word' id='word_1_268' title='bbox 420 3917 484 3974; x_wconf 81' lang='lat' dir='ltr'><strong>lclix</strong></span> <span class='ocrx_word' id='word_1_269' title='bbox 503 3913 613 3970; x_wconf 84' lang='lat' dir='ltr'><strong>lueret.</strong></span> <span class='ocrx_word' id='word_1_270' title='bbox 638 3901 739 3977; x_wconf 85' lang='lat' dir='ltr'><strong>placuit</strong></span> <span class='ocrx_word' id='word_1_271' title='bbox 757 3895 906 3952; x_wconf 79' lang='lat' dir='ltr'><strong>Athenien·</strong></span> <span class='ocrx_word' id='word_1_272' title='bbox 965 3885 1016 3939; x_wconf 86' lang='lat' dir='ltr'><strong>dit·</strong></span> <span class='ocrx_word' id='word_1_273' title='bbox 1130 3931 1133 3936; x_wconf 83' lang='grc'><strong>.</strong></span> 
     </span>
    </p>
   </div>
   <div class='ocr_carea' id='block_1_11' title="bbox 0 0 1873 5342">
    <p class='ocr_par' dir='ltr' id='par_1_11' title="bbox 0 0 1873 5342">
     <span class='ocr_line' id='line_1_37' title="bbox 0 0 1873 5342; baseline 0 0"><span class='ocrx_word' id='word_1_274' title='bbox 0 0 1873 5342; x_wconf 95' lang='lat' dir='ltr'><strong> </strong></span> 
     </span>
    </p>
   </div>
  </div>
 </body>
</html>
