3628 5336
698 677 756 742 DE
782 677 888 744 iOi'E

308 844 379 898 vidit
389 845 518 899 volatum:
529 843 605 896 enias
623 861 684 896 eum
704 843 780 895 sicis·

307 946 346 986 set
365 933 476 1000 augurio
495 971 501 990 ,
522 933 549 984 iu
573 933 656 1000 signis
677 932 779 984 beiiieis

309 1021 425 1092 aquiiom
439 1019 493 1074 sibi
512 1039 618 1072 auretam
636 1019 710 1074 iecit.
732 1019 779 1071 Vei

307 1109 373 1179 quia
400 1107 546 1180 auspicium
573 1107 639 1160 iilud
665 1106 779 1160 victoria

305 1207 445 1250 consecuta
460 1207 514 1252 est.
531 1193 629 1248 iactum
647 1205 689 1248 est
706 1193 779 1262 qood

304 1283 330 1336 ei
349 1269 441 1354 aquiio
460 1281 599 1336 dimicanti
612 1280 723 1334 fulmina
733 1279 779 1332 mi·

305 1370 454 1422 nistrasset·
466 1367 543 1422 Unde
559 1377 587 1421 et
605 1384 620 1418 s
639 1366 709 1420 ieiiei
728 1385 779 1420 ou·

306 1457 383 1524 gorio
397 1467 487 1508 natum
497 1467 555 1514 est.
572 1466 604 1508 ut
618 1456 722 1525 oqniiee
733 1455 781 1510 uti-

306 1543 383 1596 iittuu
397 1544 472 1611 signa
486 1543 657 1618 comitentur.

338 1632 366 1689 5·
382 1635 462 1686 Porro
472 1629 699 1688 deTitonibusme
707 1629 781 1701 quod

307 1719 441 1790 patttieum
459 1729 500 1772 est
510 1718 628 1774 nescies.
639 1716 782 1772 insumens

307 1803 411 1858 fabulae
423 1803 457 1856 nl)
468 1803 537 1858 irata
547 1813 640 1858 eontra
654 1802 716 1856 deos
728 1814 782 1856 ter·

306 1912 335 1945 aa
356 1894 462 1946 adeius
478 1893 604 1946 ultionem
622 1901 781 1961 procreatos·

309 1981 384 2034 Unde
401 1982 511 2034 'l'itaues
529 1998 544 2031 a
563 1981 675 2044 τίσεως.
696 1979 725 2032 id
742 1990 783 2033 est

306 2067 340 2120 ab
360 2067 476 2126 uitione.
497 2067 551 2120 diei
570 2066 780 2120 merueruntlie

303 2156 347 2208 itis
369 2166 456 2208 autem
474 2155 545 2208 solus
559 2155 601 2208 sd
620 2153 781 2206 abstinuisse

307 2258 432 2300 narratur
451 2245 486 2298 ab
504 2246 605 2300 iniuria
624 2247 780 2298 numinum:

312 2337 382 2388 uude
402 2345 429 2388 et
448 2335 549 2387 coelum
565 2335 675 2392 meruit.
685 2345 711 2388 et
724 2335 780 2405 pri·

305 2427 405 2479 stioom
422 2425 508 2477 adhue
518 2443 613 2479 nomeu
625 2435 697 2478 tenet
708 2423 778 2488 511-

311 2527 357 2568 tan
364 2515 432 2568 enim
442 2515 599 2586 appellatur·
607 2513 778 2582 Ganymeden

316 2605 397 2656 etiam
414 2603 535 2673 luppiter
551 2601 636 2654 Troili
654 2601 780 2654 Troiano·

312 2709 370 2745 runa
379 2691 446 2755 regis
456 2691 548 2746 fliium.
558 2689 600 2742 his
612 2687 694 2757 signis
705 2707 779 2760 pane·

305 2777 434 2832 euntibus
447 2813 455 2835 ,
470 2778 538 2830 inter
557 2776 636 2829 aliam
654 2776 777 2846 praedam

303 2863 426 2918 bellicam
438 2865 527 2935 rapttit
535 2883 541 2915 ε
550 2861 619 2916 unde
628 2879 656 2915 se
664 2861 691 2914 in
701 2861 777 2932 aqui·

305 2950 359 3002 iam
377 2950 412 3003 ad
429 2968 488 3003 etam
508 2949 661 3021 rapiendum
676 2947 777 3001 dieitur

303 3047 505 3090 transmutasse·
524 3035 591 3086 Saue
609 3033 776 3102 Ganymedes

309 3123 337 3174 in
355 3123 455 3176 entium
474 3121 549 3173 iuxta
563 3109 678 3172 saboiam
693 3131 776 3173 traus-

305 3208 375 3262 iatus
394 3243 401 3264 .
420 3207 455 3259 ad
473 3205 649 3260 ministerium
667 3207 775 3277 poenio-

306 3315 362 3348 rona
378 3293 514 3347 adhibitus
530 3294 636 3347 dicitur.
648 3295 694 3347 Est
706 3295 775 3348 enim

304 3383 472 3453 Ganymedes
484 3385 603 3450 siguum.
614 3384 687 3453 quod
696 3403 776 3454 oqua-

302 3473 371 3524 eium
388 3471 501 3524 dicimus
514 3509 521 3530 .
539 3472 612 3541 quod
623 3465 728 3525 constat
738 3489 775 3524 es·

303 3580 331 3614 se
349 3561 509 3632 pluviosam.
521 3561 651 3631 Europam
671 3579 778 3631 quoque

304 3652 332 3702 iu
345 3651 432 3720 specie
449 3651 554 3702 touriuu
568 3687 575 3707 .
598 3650 678 3702 idest
694 3649 721 3702 iu
735 3669 778 3702 na·

303 3737 329 3787 vi
350 3736 480 3804 picturam
500 3736 571 3789 tauri
590 3735 727 3806 habeute;
750 3747 778 3790 et

302 3821 397 3874 isidem
417 3824 445 3875 iu
470 3825 581 3875 vaccina
603 3859 610 3879 ,
636 3823 662 3875 id
686 3836 726 3877 est
748 3826 776 3877 in

299 3909 362 3962 novi
374 3909 490 3974 habente
500 3911 631 3982 picturam
642 3913 774 3970 similiter.

1244 687 1303 751 νδ

1263 741 1276 772 Ι

838 855 993 914 asportavit·
1007 847 1127 918 Denique
1145 861 1174 902 ut
1189 851 1238 902 ime
1253 869 1310 903 eer-

837 931 890 983 tius
900 934 991 986 credas
1006 971 1012 990 .
1024 935 1156 1001 atavigium
1174 937 1250 988 isidis
1261 938 1309 988 de·

836 1029 933 1090 gyptus
943 1022 1016 1075 coiit.
1026 1024 1115 1075 Duua'd
1125 1042 1230 1093 quoquae
1238 1025 1308 1077 deri·

835 1107 869 1160 sii
882 1106 954 1164 fitia,
975 1109 1008 1160 nd
1021 1111 1170 1162 castitatem
1182 1111 1307 1162 tuemiom

835 1213 910 1249 neren
921 1207 950 1250 nt
964 1197 1040 1250 aiunt
1053 1210 1123 1251 turre
1133 1199 1233 1253 inclusa
1246 1219 1309 1256 ‚au-

836 1301 886 1340 ro.
906 1301 959 1337 non
979 1302 1058 1337 nureo
1079 1283 1161 1338 imbre
1182 1323 1187 1342 .
1207 1285 1240 1336 ab
1259 1305 1307 1338 eo-

833 1367 892 1421 dem
904 1369 967 1422 lose
977 1381 1101 1442 corrupto
1111 1382 1159 1424 nst.
1170 1373 1246 1424 Unde
1258 1373 1307 1425 eie·

834 1466 925 1523 gunter
938 1455 1076 1515 Horatius:
1095 1477 1170 1510 vetuo
1189 1462 1219 1510 in
1241 1479 1307 1530 pre-

836 1544 905 1593 tium
919 1539 980 1594 deo.

869 1627 897 1683 6.
917 1627 1004 1682 iiabet
1021 1631 1102 1683 etiam
1118 1630 1305 1691 tutotutovem

837 1715 863 1770 in
875 1733 987 1786 cygnum
998 1735 1150 1772 conversum
1165 1739 1223 1773 eum
1235 1724 1306 1776 Leda

837 1803 1013 1859 concubuisse
1022 1842 1029 1862 .
1037 1825 1147 1878 eamque
1155 1827 1186 1861 ex
1197 1809 1240 1862 iilo
1249 1829 1307 1864 eou-

834 1901 1002 1962 neptunium
1015 1895 1158 1964 peperisse5
1169 1896 1238 1947 uude
1252 1907 1305 1948 tres

837 1979 893 2032 nati
902 1992 980 2038 sunt.
1000 1981 1092 2034 Castor
1103 1979 1203 2035 seiiiee't
1213 1994 1240 2036 et
1249 1985 1307 2036 i‘oi·

836 2066 918 2120 iuuet
932 2068 1039 2120 Heieua·
1058 2069 1112 2122 iioc
1131 2082 1306 2124 eonunemmn

835 2139 1158 2225 oicexpoititFuigentius.
1171 2159 1305 2228 luppiter,

837 2243 964 2314 inquitis}
973 2243 1076 2296 modum
1087 2248 1221 2315 potentiae
1231 2248 1306 2317 psauti-

835 2343 879 2385 tue
887 2353 898 2396 ;
906 2334 978 2385 Leda
987 2354 1046 2387 sero
1064 2337 1142 2406 quusi
1153 2337 1226 2398 λοιδή
1234 2337 1306 2390 dieto

833 2430 888 2476 est.
899 2420 971 2489 qumi
984 2422 1083 2475 invidia
1093 2435 1141 2476 aot
1153 2425 1250 2476 iniuria
1266 2425 1306 2476 iu-

833 2517 992 2576 terpretatur
1005 2509 1096 2562 Omuis
1112 2511 1203 2580 itaque
1217 2521 1306 2580 poten·

834 2596 872 2647 tia
880 2597 914 2647 ad
922 2595 1044 2649 iniuriam
1053 2597 1133 2649 alicui
1144 2599 1304 2652 inferentiam

833 2683 985 2742 declinans.
1004 2695 1030 2737 et
1047 2684 1072 2736 ei
1092 2686 1210 2740 admixta
1223 2723 1230 2744 ,
1243 2705 1305 2758 spe·

833 2771 899 2822 ciem
917 2788 981 2823 suae
1001 2773 1182 2838 generositatis
1198 2784 1304 2829 mutut:

833 2856 944 2928 ideoque
959 2859 1076 2931 ittppitet·
1094 2857 1128 2912 nd
1147 2861 1243 2914 Ledam
1259 2880 1306 2914 ve-

831 2944 906 3000 niens
925 2949 1120 3002 transformasse
1137 2967 1164 3002 se
1181 2951 1305 3017 fingitur.

830 3032 894 3085 iden
908 3053 969 3090 vet-o
990 3036 1016 3086 in
1028 3054 1159 3104 cygnum,
1178 3041 1250 3106 quod
1272 3038 1305 3091 ie·

832 3131 894 3173 tunt
907 3121 1055 3192 physiologi
1068 3121 1136 3174 haue
1156 3142 1228 3176 nvem
1247 3144 1307 3178 eou-

832 3207 908 3260 vieiis
922 3226 977 3260 csse
987 3208 1089 3278 pieomu
1101 3245 1108 3266 ‚
1121 3209 1186 3261 adeo
1202 3217 1233 3260 ut
1249 3211 1305 3280 ipsa

832 3295 978 3350 clamante.
997 3296 1116 3364 reliquae
1134 3313 1193 3348 aves
1209 3334 1216 3354 ,
1234 3317 1305 3366 quae

832 3393 934 3454 promto
943 3381 1053 3440 fueraut,
1064 3394 1179 3437 taceant.
1188 3386 1229 3436 Sic
1240 3403 1305 3454 qun·

832 3471 900 3524 tiens
910 3471 1007 3523 nubilis
1018 3473 1058 3522 vit·
1073 3473 1106 3523 ad
1120 3474 1243 3526 iniuriam
1255 3476 1306 3525 aii-

834 3561 877 3612 eui
887 3560 1078 3630 importandum
1089 3563 1198 3616 iestiuat
1210 3582 1239 3620 ‚a
1255 3575 1306 3616 sta-

833 3661 861 3700 tu
882 3647 1023 3700 modestiae
1044 3649 1202 3702 ‹iisset-uniens
1220 3687 1226 3705 .
1246 3671 1304 3702 euu·

832 3735 901 3788 vicia
916 3734 1030 3806 pessimae
1042 3755 1093 3788 uou
1108 3736 1246 3790 erubescit.
1258 3741 1307 3788 Sed
1382 3751 1385 3756 ’

833 3825 905 3894 quod
913 3843 943 3877 es
956 3824 1004 3876 itae
1017 3826 1307 3894 reeuuuipitm·.uvu1u

834 3913 928 3970 omia
947 3923 987 3966 est
1008 3923 1076 3966 testa
1095 3913 1211 3980 humans
1229 3915 1310 3982 ganssi
