3660 5358
622 653 680 718 nn
704 636 937 716 APOLL1NE.
1203 667 1269 736 «η

273 835 414 896 apportant
434 825 473 878 vel
489 821 706 894 inaequalitates,
725 837 757 872 ea
811 815 933 887 luppiter
946 833 1003 868 cunr
1018 813 1110 870 ceteris
1123 815 1175 868 diis
1193 815 1228 868 ab
1247 816 1294 871 Ae·

274 909 371 980 quibus
390 910 664 978 sulnsaegritudoque
683 924 758 976 geue·
811 903 951 974 thiopibus
972 904 1006 956 ad
1034 904 1123 975 epulas
1150 904 1294 958 inritatus.

273 1011 355 1050 ratur·
375 999 453 1058 Unde
471 1009 498 1050 et
516 997 630 1050 Ovidius
653 997 682 1048 in
700 995 758 1066 pri·
809 994 951 1066 Aethiopes
974 994 1044 1048 enisa
1070 994 1146 1048 iuxta
1169 1012 1294 1048 oceanum

270 1105 312 1138 ano
336 1089 579 1158 metamorphoseon
602 1095 758 1154 autumpnus
808 1079 950 1138 habitant.
970 1082 1046 1134 cuius
1066 1098 1137 1150 aqua
1151 1079 1224 1130 ΝΗ·
1240 1081 1295 1150 pla-

275 1173 451 1241 inrruprales.
477 1175 503 1226 id
534 1184 574 1226 cst
604 1167 757 1226 morbidos,
809 1180 929 1222 netarum
950 1169 1021 1235 ignes
1034 1178 1187 1239 pascuntur.
1207 1166 1294 1221 Habet

272 1271 363 1310 voest:
384 1277 498 1328 «pirorum
524 1257 648 1312 videlicet
667 1272 757 1322 graves
809 1255 922 1312 labala„
951 1260 1061 1310 Atrenrn
1092 1270 1121 1312 et
1151 1256 1295 1324 Thyestem

269 1351 435 1420 experiamur·
448 1349 622 1444 pestilentias.
640 1347 708 1397 Nara
724 1353 757 1396 ut

268 1445 410 1486 autumnus
430 1433 525 1487 rnorins
539 1432 690 1488 habundet.
710 1430 757 1481 iri·

268 1519 339 1584 geris
356 1531 383 1572 et
398 1522 491 1573 caloris
506 1519 618 1572 confinia
636 1518 754 1580 laciuut3

193 1647 198 1656 .
268 1622 338 1672 quae
356 1605 418 1660 licet
430 1609 510 1660 etiam
526 1623 633 1660 veroum
653 1617 755 1674 tenipus

269 1691 391 1752 lrabeat,
422 1697 526 1750 morbos
556 1707 642 1748 tumen
670 1693 756 1746 urinas

269 1791 357 1837 creat,
380 1786 446 1852 quia
467 1795 530 1836 tunc
549 1801 661 1854 corpora¹
677 1798 755 1852 prac-

269 1870 372 1923 cedenti
383 1871 478 1924 durata
492 1883 552 1926 tuat
565 1871 672 1938 frigore,
688 1887 757 1940 quae

271 1967 413 2010 autumnus
432 1960 577 2028 corrumpit
595 1958 696 2011 laaiora
713 1960 756 2010 iu·

175 2047 179 2054 ‘
270 2044 377 2098 veniens
395 2047 502 2100 aestatis
520 2047 615 2100 calore·
638 2046 706 2098 ilinc
729 2053 757 2097 ct

269 2149 357 2186 earnes
368 2171 376 2191 .
396 2147 426 2188 ut
435 2135 476 2188 ait
486 2135 609 2194 Servius.
623 2135 671 2204 qui
686 2146 757 2190 secto

271 2223 362 2274 rustris
383 2234 458 2278 utero
471 2235 658 2295 procreantur.
673 2225 756 2295 Apol-

270 2305 319 2357 lini
348 2321 556 2367 cousecrantur.
584 2320 677 2382 utpote
699 2309 756 2364 deu

270 2395 428 2454 medicinae.
448 2415 494 2468 per
509 2415 588 2468 quam
599 2397 684 2451 luceru
702 2415 757 2454 sur·

270 2483 382 2536 liuntur·
402 2484 469 2538 Hinc
482 2495 510 2537 et
522 2484 696 2556 Aesculapius
709 2487 759 2556 qui

271 2586 288 2622 a
306 2570 448 2625 Coronidis
467 2581 542 2640 utero
564 2571 663 2625 dicitur
683 2573 758 2626 exci-

271 2673 330 2714 sus.
351 2657 435 2728 ipsius
453 2657 562 2724 tingitur
580 2659 658 2712 filius.
678 2659 761 2713 luter·

273 2753 394 2812 pretatur
407 2756 494 2798 autem
511 2727 681 2816 Aesculapius
696 2745 761 2800 dure

275 2832 381 2906 laciens-
408 2834 526 2888 Caesaris
548 2835 629 2898 etiam
660 2835 760 2890 familia

280 2921 339 2976 ideo
356 2941 431 2976 sacra
457 2923 589 2978 retinebat
609 2924 761 2996 Apollinis.

273 3009 337 3080 quia
357 3014 403 3081 qui
422 3010 524 3080 primus
537 3012 569 3064 de
582 3029 671 3066 cerusa
685 3012 760 3066 lami·

273 3095 309 3150 lia
328 3096 396 3154 luit.
415 3108 519 3150 exsecto
538 3099 631 3152 rnatris
651 3110 759 3154 uteros

275 3194 365 3238 reutre
381 3195 421 3238 est
440 3197 595 3256 protractus
618 3187 692 3240 Unde
704 3199 757 3242 eta

274 3271 407 3324 caedendo
426 3273 523 3326 Caesar
543 3275 631 3328 dictus
649 3285 709 3336 ests
730 3275 761 3328 li·

275 3370 316 3411 cet
337 3361 426 3414 variae
443 3361 525 3414 huius
543 3363 655 3416 nouriuis
674 3363 763 3416 diean-

278 3457 320 3501 tur
338 3449 520 3518 etymologiae.

808 1364 963 1413 germanos,
990 1365 1048 1398 curn
1076 1347 1104 1400 iu
1132 1346 1296 1400 dissensione

808 1431 861 1486 silai
880 1450 972 1486 nocero
991 1452 1042 1488 non
1061 1441 1186 1503 possent.
1213 1430 1240 1484 in
1258 1431 1298 1486 si-

807 1520 934 1573 mulatam
958 1519 1071 1588 gratiam
1097 1519 1211 1574 redisse:
1239 1537 1294 1590 qua

807 1607 943 1661 occasione
968 1607 1095 1674 Thyestes
1123 1623 1182 1658 cuns
1205 1603 1295 1660 iratrls

808 1711 889 1748 uaore
913 1687 1082 1754 concubuit'r
1108 1692 1205 1758 Atreus
1216 1745 1220 1752 ,
1232 1707 1295 1745 roro

807 1780 834 1834 ci
856 1781 941 1834 filiurn
965 1779 1124 1850 epulandum
1143 1779 1294 1850 'apposuitt

808 1871 882 1938 quod
907 1870 945 1922 sol
971 1870 1077 1924 videns.
1101 1885 1134 1920 ne
1162 1867 1295 1939 polluere·

810 1966 874 2014 tur,
900 1955 1021 2022 aufugit·
1051 1953 1182 2008 Veritatis
1209 1965 1295 2008 autern

810 2047 884 2098 iuxta
903 2044 1019 2098 Serrium
1038 2043 1172 2096 tantillum
1191 2053 1241 2095 est·
1263 2042 1297 2096 A·

809 2143 880 2186 treus
898 2132 970 2204 apud
989 2133 1113 2201 Mycenas
1136 2129 1199 2184 solis
1217 2130 1297 2200 eclip-

809 2221 860 2276 sim
888 2223 989 2294 primns
1014 2221 1136 2284 invenus
1156 2219 1200 2272 cui
1227 2219 1298 2273 insi-

809 2307 874 2362 dens
898 2309 979 2362 irater
1005 2325 1037 2362 ea
1065 2306 1129 2360 urbe
1156 2305 1295 2364 discessit,

809 2397 916 2467 quando
933 2397 990 2450 eius
1009 2396 1082 2450 dieta
1096 2393 1208 2466 probata
1225 2405 1296 2448 suut.

809 2487 877 2540 Saue
895 2485 1004 2539 numina
1016 2505 1063 2558 pro
1074 2485 1139 2540 locis
1158 2497 1212 2541 tarn
1231 2487 1297 2552 ligu-

811 2590 854 2627 ras
872 2575 974 2631 sarias.
992 2591 1071 2644 quara
1089 2573 1169 2627 etiarn
1187 2574 1295 2628 uomina

812 2659 916 2715 diversa
933 2659 1091 2714 sortiuntur.
1116 2661 1183 2716 llam
1204 2660 1298 2730 Apollo

813 2746 886 2816 apud
905 2747 1019 2818 Delphos
1033 2783 1041 2806 .
1065 2737 1180 2802 tumim
1192 2748 1297 2814 effigia

813 2835 885 2906 apud
907 2839 1036 2906 Lycium,
1053 2837 1146 2909 lupina
1169 2836 1298 2906 flagitem

814 2924 886 2996 apud
905 2925 988 2978 Delon
1005 2941 1067 2978 reru
1091 2925 1199 2976 lornaur
1218 2919 1299 2974 habat

813 3008 990 3064 draconinarn·
1010 3009 1121 3064 Constat
1139 3009 1238 3066 etism.
1256 3025 1299 3062 ac-

812 3100 928 3153 cundum
947 3097 1087 3168 Porphyrii
1105 3094 1203 3148 librum
1220 3111 1299 3163 quern

812 3188 892 3242 aoleua
911 3184 1071 3258 appellavit.
1091 3183 1221 3254 triplicem
1244 3199 1301 3235 esse

813 3273 943 3345 Apollinis
957 3280 1113 3344 potestatem
1122 3289 1131 3332 ;
1149 3280 1175 3323 et
1190 3269 1305 3322 eundum

813 3356 1302 3432 solenesseapudsupctosrLiberrrra

811 3460 914 3522 patrem
926 3447 953 3500 in
964 3446 1041 3500 terris
1048 3463 1057 3508 5
1070 3444 1218 3516 Apollinem
1230 3444 1302 3514 apud

312 3533 352 3590 16.
379 3538 484 3591 Dicitur
511 3537 550 3592 sol
577 3538 603 3590 in
633 3556 760 3592 oceanum
814 3533 1305 3603 inlerosruudectadyt'aeiconserra-

274 3623 376 3690 mergi,
401 3635 428 3678 et
454 3624 492 3678 ibi
518 3623 630 3692 latigata
656 3629 759 3680 relicere
814 3643 880 3678 snus
900 3625 947 3676 Est
966 3621 1177 3688 autemadytnrn
1193 3619 1304 3674 interior

276 3709 391 3768 lumina.
417 3711 530 3782 indeque
548 3733 622 3766 marro
640 3714 709 3766 loro<
730 3734 758 3768 e·
815 3713 855 3764 vel
879 3709 1009 3764 subterior
1034 3725 1093 3778 pars
1120 3706 1305 3776 ternplidicta

276 3817 397 3869 rire-ruere.
416 3804 595 3870 Reverrr'iguis
608 3804 676 3857 solet
688 3821 758 3872 aqua
814 3817 861 3872 per
879 3795 1065 3868 antiphrasin.
1084 3793 1157 3862 quod
1176 3812 1192 3845 a
1212 3793 1304 3864 paucis

275 3886 391 3946 ”mritis
419 3890 490 3956 quod
515 3901 540 3940 ut
561 3891 693 3960 politicum
712 3892 761 3958 fig·
818 3885 845 3938 id
858 3895 899 3936 est
912 3883 973 3934 solis
988 3879 1170 3934 sacerdotibus
1182 3882 1301 3933 adeatur.

279 3987 393 4030 ruentum
414 3976 549 4035 ostendit.
569 3976 641 4048 qood
665 3977 762 4031 dicitur·
818 3973 884 4028 luds
909 3971 990 4025 stiam
1015 3971 1066 4020 tria
1093 3969 1207 4038 iusignia
1231 3969 1303 4022 circa

948 4090 1050 4188 15¹³⁸
