3622 5350
523 639 586 726 ¹¹4

510 807 677 876 ingrediens.
693 807 744 881 ipsi
766 809 804 865 ita
825 805 985 863 incatenat:

510 899 534 951 ai
543 909 569 954 te
577 909 621 956 ‚at
632 897 789 970 perhibent.
801 897 902 966 integre
913 907 986 950 amat

507 991 644 1062 Iuppiter.
656 989 690 1042 ab
703 1009 735 1044 eo
756 993 870 1060 impetra
881 999 912 1043 ut
924 989 986 1044 talis

509 1079 545 1133 ad
556 1091 581 1133 te
592 1079 684 1133 veniat
695 1078 800 1150 ‚qualis
808 1077 904 1132 iunoni
918 1078 984 1132 solet

512 1167 609 1220 videri.
627 1167 706 1236 Quod
720 1185 779 1219 enm
794 1167 890 1220 Semele
901 1186 916 1219 a
926 1169 987 1222 love

512 1265 632 1323 rogaret.
644 1253 687 1308 ille
698 1255 834 1309 mortalem
845 1255 918 1309 nullo
929 1273 986 1310 mo-

515 1341 551 1396 da
570 1343 649 1396 taleas
667 1343 810 1397 adventurn
828 1361 904 1416 passe
919 1343 986 1398 ierre

517 1427 599 1484 dixit.
613 1430 661 1483 illa
680 1441 768 1484 autem
787 1431 918 1488 instante.
931 1442 988 1486 tan.

516 1513 576 1568 dem
596 1515 717 1585 promisit
731 1515 780 1570 tali
795 1513 891 1572 habita
912 1519 988 1572 asad

519 1619 578 1655 earn
596 1621 651 1658 esse
669 1615 824 1662 ventarum.
852 1605 927 1676 qaali
953 1605 989 1658 ad

516 1691 645 1744 lunonem
657 1691 741 1746 venit·
756 1693 809 1762 Qui
824 1709 883 1746 eam
899 1693 988 1747 aenis·

514 1787 558 1831 aet
575 1795 635 1832 cam
653 1779 781 1840 fulmine.
802 1782 899 1836 Semele
912 1783 990 1838 rasti·

519 1883 580 1919 nare
597 1885 651 1920 naa
662 1869 752 1940 potuit
765 1879 793 1924 et
806 1869 886 1924 obiit.
903 1871 991 1944 luppi-

519 1964 560 2006 ter
574 1971 635 2009 vero
650 1967 743 2026 aperta
759 1957 818 2010 eiua
831 1957 993 2014 velocissime

522 2055 617 2102 utero.
633 2045 760 2100 Liberam
782 2057 883 2119 patrem
899 2047 994 2119 ipaeet

518 2131 668 2188 Mercurius
696 2145 789 2206 aperta
816 2133 913 2187 temore
943 2151 992 2190 aaa

519 2220 656 2276 abdidisse
680 2224 803 2284 dicitur,
828 2235 860 2278 rat
878 2225 992 2296 expletis

518 2309 568 2361 Vll
576 2311 599 2362 li
619 2311 754 2365 mensibus
765 2311 884 2379 legitime
895 2331 988 2366 nasce·

517 2407 603 2448 ratar-
621 2397 714 2450 Postea
734 2400 871 2470 eompletis
889 2411 990 2453 mater-

519 2481 562 2536 nis
588 2485 742 2544 mensibus.
768 2487 893 2558 nymphis
921 2505 992 2558 qaae

518 2573 610 2626 bisam
623 2586 736 2628 meatem
756 2576 848 2630 luillae·
867 2575 992 2646 ireqaen-

522 2658 619 2713 tabaat
629 2697 636 2718 ‚
647 2662 713 2713 clam
731 2662 846 2716 tradidit
869 2664 992 2718 nutrien-

519 2747 597 2800 dum:
608 2767 685 2820 quem
696 2761 786 2821 postea
797 2752 844 2806 ina
855 2771 919 2806 aaur
930 2753 992 2806 Aah·

522 2840 636 2894 amantis
659 2859 691 2894 ea
716 2843 797 2895 Annio
816 2842 916 2908 geniti.
942 2859 994 2894 ma·

521 2941 620 2984 tartara
638 2949 686 2986 aaa
700 2969 706 2986 .
719 2949 791 2984 sarar
811 2931 936 2985 videlicet
946 2933 994 2985 Se-

519 3019 612 3076 meles.
623 3019 739 3072 nutrisse
749 3017 913 3090 perhibetur·
924 3019 993 3074 liine

519 3107 589 3162 irata
616 3109 683 3162 lano
702 3109 815 3163 furorem
837 3111 992 3164 Athamanti

519 3197 617 3250 marita
631 3197 719 3252 inanis
735 3199 858 3254 immisit.
881 3209 911 3250 ut
926 3199 992 3252 illins

520 3305 581 3340 arros
593 3287 672 3340 vellet
689 3287 825 3353 occiderem
845 3305 953 3358 sperans
964 3298 995 3341 at

521 3375 544 3428 si
559 3375 681 3428 Liberam
694 3389 795 3447 patrem
808 3377 925 3429 iuvenire
932 3397 993 3449 pns-

521 3463 572 3520 sit.
590 3463 671 3516 simili
688 3475 718 3518 nt
736 3463 911 3518 libcmssorta
921 3465 995 3538 peri·

521 3564 611 3606 tranet·
631 3553 698 3606 ilinc
710 3554 836 3607 Athamas
846 3573 904 3608 moa
915 3573 996 3608 anum

521 3641 604 3694 liliam
616 3661 692 3696 suam
707 3645 851 3696 Learchum
873 3643 994 3698 Herculis

521 3732 638 3788 extinxit
657 3735 771 3800 sagittis·
794 3737 839 3788 iao
860 3753 921 3786 vera
935 3753 992 3786 ma·

519 3823 600 3874 ritum
619 3841 694 3876 suum
706 3825 751 3875 ubi
764 3824 849 3876 l'arare
858 3837 881 3876 el
896 3844 922 3876 se
933 3843 991 3895 'mr-

523 3913 598 3978 amm
614 3913 750 3983 conspersit
765 3915 944 3968 ‚Melicertam
957 3916 992 3968 al·

544 4053 585 4118 (r)
604 4058 678 4116 styria.
696 4061 717 4104 l.
736 4059 779 4102 laia·
800 4071 851 4106 1²1.

832 638 1204 712 MYTOGHRAPHUS

1045 821 1130 864 teram
1147 811 1231 866 liliam
1253 809 1401 883 arripiens.
1414 827 1442 866 aa
1458 827 1518 864 eura

1044 899 1090 955 illo
1110 901 1299 971 praecipitavit
1318 901 1347 954 in
1366 917 1453 954 mare:
1468 901 1517 970 qai

1044 986 1210 1057 postmodam
1222 987 1248 1040 in
1259 989 1323 1042 deas
1333 989 1447 1042 marinas
1455 1005 1517 1040 eon·

1044 1073 1113 1126 versi
1131 1083 1213 1138 santa
1232 1074 1368 1128 Melicerta
1397 1073 1426 1126 in
1459 1073 1519 1126 Por·

1043 1172 1177 1219 tammam,
1196 1163 1245 1233 qui
1264 1179 1355 1232 graece
1375 1161 1516 1216 Palaemon

1043 1250 1262 1316 dicitar51nnin
1271 1251 1400 1305 marinam
1419 1249 1494 1302 deam
1508 1285 1516 1305 2

1043 1357 1113 1410 qaae
1134 1357 1226 1408 graece
1237 1341 1338 1393 dieitur
1357 1337 1517 1393 leucothea·

1046 1425 1211 1481 Palaemonis
1234 1439 1322 1482 antea
1341 1443 1436 1498 eorpus
1458 1441 1518 1477 enm

1045 1515 1204 1570 Corinthum
1213 1514 1307 1569 fuisset
1319 1516 1459 1587 appulsam
1470 1531 1520 1572 ‚ex

1046 1603 1143 1658 babila
1158 1603 1331 1676 contemplati
1351 1603 1419 1672 regis
1437 1602 1519 1656 inisse

1047 1693 1143 1752 lilium,
1152 1693 1341 1746 buranaeranta
1355 1692 1399 1745 eui
1410 1691 1519 1744 hamato

1048 1781 1203 1835 institutam
1224 1779 1307 1834 lertar
1327 1777 1438 1833 lustrale
1461 1796 1520 1832 eer-

1048 1881 1151 1924 namn.

1172 2042 1217 2100 80·
1238 2043 1278 2098 De
1296 2041 1403 2098 Libero·

1413 2165 1425 2193 «l

1083 2169 1193 2284 Liber
1212 2225 1319 2280 adultae
1346 2223 1431 2278 iactas
1453 2234 1522 2278 aeta·

1051 2315 1086 2368 tis
1098 2317 1201 2368 lndiara
1209 2314 1264 2370 sibi
1275 2311 1441 2380 salriagaait.
1458 2311 1523 2364 inde

1047 2415 1181 2458 revertens
1189 2423 1248 2458 eam
1261 2403 1288 2456 in
1299 2402 1522 2454 ‹lesertacteatre

1049 2512 1090 2547 ara
1105 2505 1180 2564 parte
1191 2493 1293 2560 Libyae
1314 2500 1447 2544 tens-ratur
1462 2489 1521 2561 (ι).

1048 2602 1080 2638 ae
1098 2583 1144 2636 siti
1160 2582 1292 2638 laboraret
1308 2583 1453 2640 exereitus.
1480 2599 1521 2633 ra·

1048 2690 1123 2740 gesse
1131 2672 1231 2725 elicitae
1242 2671 1338 2726 iorem.
1349 2681 1415 2722 atae
1423 2685 1519 2738 aquam

1049 2763 1073 2816 ei
1092 2760 1255 2816 ostendendo
1276 2771 1378 2832 patrem
1390 2755 1521 2828 probaret.

1050 2857 1113 2908 taos
1128 2872 1160 2906 aa
1180 2852 1280 2903 lrarena
1292 2850 1361 2902 aries
1376 2849 1520 2921 apparuit.

1050 2943 1098 3014 qai
1111 2939 1177 3012 petie
1193 2941 1296 2994 elevata
1314 2937 1474 2992 mnrrstravit
1489 2939 1523 2992 ia

1050 3052 1127 3090 curra.
1142 3032 1189 3084 ubi
1204 3031 1308 3084 fodiens
1319 3047 1415 3100 aqaam
1434 3039 1522 3100 posset

1052 3121 1179 3174 invenire·
1191 3119 1269 3170 Tana
1280 3129 1372 3188 aperta
1391 3127 1479 3174 terra.
1492 3133 1522 3166 e-

1050 3225 1137 3277 gressa
1155 3219 1195 3259 est
1215 3224 1283 3278 aqna
1295 3205 1455 3273 largissimae
1470 3205 1520 3258 vel.

1051 3307 1082 3350 at
1100 3297 1147 3350 alii
1167 3295 1278 3353 dicant,
1293 3297 1362 3346 aries
1381 3293 1430 3365 ipsi
1446 3309 1523 3363 appa·

1052 3385 1109 3438 ruit
1118 3421 1124 3441 .
1134 3403 1187 3454 qao
1199 3383 1267 3435 ‹laee
1285 3381 1364 3434 Liber
1375 3397 1471 3450 aquam
1481 3378 1523 3430 in-

1051 3473 1134 3526 venit
1148 3473 1258 3524 inreata
1275 3481 1363 3523 natam
1377 3485 1446 3538 aqna
1459 3503 1466 3524 .
1477 3485 1525 3538 pe-

1053 3563 1099 3616 tiit
1115 3579 1130 3612 a
1150 3561 1211 3614 lora
1229 3569 1260 3612 nt
1280 3559 1390 3612 arietem
1406 3557 1434 3610 in
1452 3569 1523 3610 astra

1053 3649 1217 3703 transferret·
1232 3649 1263 3699 in
1288 3663 1319 3702 eo
1339 3655 1426 3698 autern
1443 3645 1521 3701 laco.

1053 3737 1100 3791 abi
1119 3755 1188 3808 aqua
1208 3735 1286 3789 lluait
1303 3771 1310 3790 .
1329 3733 1453 3804 templum
1467 3751 1525 3784 con·

1052 3826 1233 3898 stituit.qand
1246 3825 1314 3881 loris
1323 3824 1476 3878 iiasanronis
1487 3821 1524 3874 di·
