3628 5336
519 627 579 693 168

502 808 611 849 mones.
629 791 685 842 sire
703 791 850 858 indigetes.
871 805 886 838 a
904 787 976 840 diri-

504 881 551 932 tiis
569 879 635 932 dicti
655 890 734 931 sunt:
755 877 911 930 divitiarum
928 895 977 926 ou·

505 981 558 1020 tem
582 977 664 1018 mater
687 976 726 1017 est
752 965 870 1035 potentia
886 999 894 1014 .
910 962 979 1014 lluee

505 1074 617 1126 puerum
644 1054 855 1107 formosissimum
884 1068 982 1104 amasse

507 1147 606 1198 dicitur
622 1183 628 1204 ,
643 1163 720 1214 quem
740 1145 821 1196 etiam
836 1143 917 1194 nimio
926 1142 981 1194 zelo

508 1252 630 1288 succensa
650 1245 777 1286 castrasse
791 1232 904 1285 dicitur.
914 1232 980 1296 Ergo

506 1322 627 1392 potentia
648 1321 759 1388 gloriosa
774 1337 873 1389 semirer
894 1315 981 1368 masi-

508 1431 609 1465 morum
631 1413 799 1464 familiarium
823 1427 930 1463 suorum
953 1420 981 1462 et

511 1520 598 1554 amore
617 1511 734 1554 torretur
752 1537 759 1557 .
780 1512 807 1552 et
824 1500 904 1553 livore
924 1510 981 1551 tor·

496 1603 627 1660 ¹quotus:
649 1591 755 1660 citoque
775 1589 889 1642 abscidit
910 1589 981 1657 qnorl

510 1678 627 1744 diligit,
661 1678 722 1728 dum
752 1690 840 1731 tumen
865 1687 983 1746 amputet

512 1763 577 1814 imm
596 1764 668 1832 quod
687 1763 746 1818 odit
765 1797 772 1811 -
798 1765 891 1816 Omnis
912 1765 982 1816 enirn

510 1869 580 1902 nunc
599 1869 682 1919 usque
693 1852 813 1921 potentia
828 1851 911 1904 nescit
929 1851 982 1902 cir-

512 1937 542 1990 c‘o
563 1957 623 1992 suos
634 1941 789 1992 diuturnum
802 1957 907 1993 serrare
924 1941 984 1992 affe-

513 2041 601 2080 ctum.
623 2028 686 2080 ideo
705 2038 732 2080 ct
753 2027 834 2079 Athin
855 2027 908 2078 mci
935 2047 984 2081 ro·

511 2117 617 2169 luerunt
628 2154 635 2173 .
647 2117 722 2185 quasi
733 2116 827 2169 ethon:
839 2115 898 2180 ἔθος
912 2117 981 2168 enirn

512 2220 602 2269 graece
614 2204 775 2256 consuetudo
788 2203 887 2255 <licitur
899 2240 905 2252 .
915 2206 982 2268 Ergo

467 2285 477 2300 ⁸
512 2303 741 2360 quantuscumque
760 2291 796 2343 sit
813 2305 883 2343 amor
895 2293 921 2344 in
939 2310 982 2362 po·

484 2393 488 2402 ’
512 2379 649 2435 tentibus.
666 2380 771 2433 stabilis
789 2398 844 2433 esse
862 2399 914 2433 non
934 2399 984 2433 no·

510 2478 572 2607 vn3·
591 2553 631 2605 De
655 2554 746 2605 cadem
768 2554 825 2624 Ope
853 2554 983 2623 quaedam

515 2640 648 2708 Remigius
662 2639 827 2692 evidentiora
841 2639 928 2711 ponit.
937 2639 984 2693 Ait

511 2731 581 2782 enim
595 2750 601 2780 ε
613 2731 720 2781 Saturni
735 2734 832 2782 eonius
842 2729 897 2800 Ops
908 2747 982 2797 gran·

512 2823 596 2873 rlnevn
606 2821 705 2872 (licitur
713 2831 740 2872 ct
750 2820 902 2891 corpulenta
912 2853 919 2866 ·
929 2821 983 2872 Ma-

513 2921 552 2960 ter
564 2945 570 2966 ,
581 2909 653 2977 quod
669 2907 724 2977 ipsa
735 2918 774 2960 est
788 2917 857 2960 terra
868 2907 983 2960 omnium

512 2995 694 3066 procreatrix:
718 2995 868 3064 corpulenta
896 2994 954 3047 icleo
976 3033 984 3050 .

511 3084 583 3154 quod
601 3084 755 3135 elementum
770 3095 854 3136 terrae
872 3083 983 3136 crussius

512 3183 539 3224 et
553 3171 732 3240 corpulentius
745 3181 783 3223 est
795 3172 902 3222 coieris.
918 3169 983 3222 Ves-

511 3271 562 3312 tem
582 3257 662 3309 habet
683 3256 856 3312 discolorem.
878 3257 983 3326 gemmis

511 3347 676 3414 uretullisque
692 3356 827 3397 ornatam:
839 3345 903 3395 hacc
913 3344 982 3396 enim

514 3435 542 3486 in
567 3431 711 3486 visceribus
731 3443 858 3483 terrarum
873 3433 910 3482 rel
930 3449 983 3480 are·

509 3523 551 3575 nis
568 3522 747 3588 colliguntur:
766 3519 855 3571 sedet
871 3520 983 3589 superli-

514 3613 568 3664 eies
588 3623 673 3663 terrae
691 3607 831 3660 herbarum
849 3619 878 3659 et
893 3609 983 3659 llorum

510 3699 640 3750 varietate
657 3697 769 3748 vestitur
780 3727 788 3745 .
801 3694 871 3747 llaec
885 3704 912 3745 et
926 3696 983 3762 ey-

510 3787 569 3840 hele
589 3787 661 3838 dicta
678 3795 717 3838 cst
738 3822 745 3842 ,
765 3783 842 3852 quasi
860 3782 982 3836 Cubclo:

510 3887 580 3928 terra
597 3875 667 3926 enirn
685 3871 753 3923 rrilril
769 3881 810 3924 ost
824 3869 934 3923 solidius
956 3872 983 3924 iu

535 4045 574 4107 (ι)
591 4041 731 4092 issara.

712 618 1078 692 lllYTllOGllAPllUS
1101 619 1294 693 TERTIUS

1034 787 1168 842 elementis
1179 809 1185 840 :
1195 789 1290 842 cubum
1301 785 1413 859 namque
1427 785 1512 844 cras'

1035 877 1060 927 ci
1079 877 1192 930 solidum
1205 879 1299 932 ‹licuut
1313 899 1322 942 5
1342 879 1448 932 undeet
1461 899 1506 932 so·

1035 967 1103 1021 lidos
1120 985 1240 1022 numeros
1265 967 1346 1022 cubos
1367 987 1506 1022 vocamus.

1036 1056 1118 1115 Sive,
1140 1069 1171 1110 ut
1190 1049 1258 1110 illem
1277 1057 1336 1111 vult
1355 1093 1364 1114 .
1382 1075 1397 1108 a
1415 1075 1509 1126 graeco

1036 1137 1135 1216 Cybele
1148 1149 1248 1201 dicitur
1261 1184 1268 1206 .
1282 1149 1354 1218 qnorl
1372 1149 1456 1203 latine
1465 1167 1506 1202 so·

1034 1247 1082 1289 nat
1096 1238 1192 1290 rotatio
1203 1237 1299 1308 capitis
1310 1257 1319 1299 3
1329 1237 1394 1306 quia
1410 1237 1437 1288 in
1450 1237 1509 1290 eius

1035 1322 1116 1374 sacris
1148 1323 1230 1394 ipsius
1255 1324 1403 1377 sacerdotes
1425 1323 1506 1392 gallos

1035 1409 1181 1465 exsecuisse
1193 1423 1275 1466 semet
1287 1423 1507 1470 commemorant.

1036 1508 1063 1546 et
1079 1507 1163 1566 caput
1179 1500 1288 1552 iactare
1306 1503 1402 1552 solitos
1412 1532 1420 1548 .
1432 1501 1504 1554 lrlem

1037 1583 1070 1636 de
1079 1601 1109 1636 ra
1120 1587 1268 1654 paenc.scd
1277 1589 1356 1660 paulo
1365 1587 1424 1659 plus
1433 1624 1440 1645 .
1449 1603 1506 1640 sea-

1039 1671 1262 1747 sissinium).
1278 1674 1325 1728 Au
1339 1675 1424 1728 enim:
1441 1675 1508 1726 alum

1039 1762 1073 1814 ub
1091 1781 1122 1817 eo
1142 1765 1215 1834 quorl
1236 1783 1283 1820 nos
1300 1767 1353 1820 alat
1372 1788 1379 1818 s
1399 1766 1508 1820 abusive

1040 1862 1127 1903 tauron
1140 1865 1167 1906 et
1180 1853 1255 1912 aliis,
1270 1854 1379 1925 inquit.
1394 1854 1509 1909 numiui-

1039 1938 1090 1992 hus
1102 1939 1151 1992 lroe
1161 1941 1306 2011 epithetum
1317 1944 1428 2012 dumus.
1440 1943 1508 1996 Ter-

1040 2041 1094 2076 ram
1110 2037 1197 2078 ntalem
1215 2040 1323 2080 matrem
1335 2041 1437 2082 cunstat
1452 2045 1509 2083 csse

1039 2111 1171 2167 deorum:
1199 2117 1269 2170 unde
1292 2128 1319 2170 et
1341 2117 1510 2174 simulacrum

1038 2202 1095 2255 eius
1114 2221 1174 2255 cum
1193 2205 1265 2258 clarc
1287 2204 1430 2276 pingitur:
1450 2223 1509 2258 nam

1040 2299 1109 2342 terra
1133 2302 1248 2362 ternpore
1269 2309 1349 2346 remo
1373 2293 1510 2364 aperitur.

1039 2376 1146 2430 hiemali
1167 2379 1322 2432 clauditur·
1340 2379 1411 2433 llaec
1427 2380 1510 2434 leoni-

1039 2461 1089 2516 bus
1110 2465 1208 2524 fertur,
1222 2477 1253 2520 ut
1271 2467 1406 2520 evidenter
1425 2479 1510 2520 osteu-

1040 2552 1120 2604 ‹latur
1133 2563 1276 2606 maternam
1287 2554 1413 2624 pietatem
1423 2564 1523 2606 totum·

1039 2659 1114 2711 posse
1128 2661 1268 2714 superares
1287 2643 1373 2698 omnis
1385 2643 1455 2695 enim
1471 2643 1511 2694 le·

1038 2731 1104 2782 ritas
1116 2741 1250 2783 maternae
1264 2729 1384 2784 subiacet
1396 2730 1511 2783 all'cctio-

1039 2817 1085 2875 ni,
1103 2827 1130 2870 ct
1149 2818 1174 2868 ei
1193 2817 1334 2883 subiugata
1353 2828 1392 2869 est
1405 2853 1412 2868 .
1423 2817 1509 2869 Curru

1039 2903 1100 2956 volri
1116 2903 1237 2962 dicitur,
1255 2905 1320 2972 quic
1338 2903 1449 2957 terrain
1468 2909 1509 2956 ae·
1543 2911 1549 2927 ¹

1042 3009 1075 3049 re
1090 2991 1204 3062 pendet.
1226 2991 1287 3043 lrlco
1303 2991 1449 3044 sustinetur
1466 3009 1510 3041 ro-

1041 3080 1092 3138 tis.
1109 3080 1173 3149 quio
1183 3081 1296 3132 mundus
1310 3089 1412 3146 rotatur
1427 3089 1454 3131 et
1467 3099 1510 3130 vo·

1041 3165 1129 3218 lrrliilis
1139 3178 1186 3220 est.
1200 3168 1262 3220 lrleo
1272 3167 1452 3236 Corybantes.
1462 3164 1508 3234 qui

1039 3255 1141 3308 strictis
1160 3253 1306 3325 pinguntur
1321 3255 1433 3321 gladiis,
1451 3255 1508 3306 eius

1041 3343 1148 3396 luerunt
1157 3344 1272 3396 ministri
1280 3379 1287 3400 .
1297 3353 1328 3395 ut
1335 3343 1510 3408 significetur,

1040 3449 1128 3482 omues
1147 3449 1194 3500 pro
1207 3441 1276 3483 terra
1288 3447 1336 3482 sua
1352 3429 1446 3482 clcbcre
1463 3447 1510 3500 pu·

1041 3539 1134 3586 gnare.
1144 3519 1220 3589 Quod
1237 3518 1359 3572 turritam
1370 3527 1455 3585 gestat
1468 3536 1511 3571 co·

1041 3624 1129 3657 ronmn
1141 3606 1273 3661 ,ostendit
1287 3605 1511 3676 superpositases-

1041 3715 1068 3748 se
1087 3705 1172 3748 tcrrse
1188 3695 1312 3748 civitates
1323 3731 1330 3753 ‚
1343 3711 1411 3762 quas
1427 3694 1512 3762 insig-

1043 3786 1114 3838 nitas
1135 3783 1257 3859 turribus
1268 3801 1323 3836 esse
1340 3794 1461 3837 constat.

1077 3873 1099 3928 l·
1120 3877 1157 3928 De
1177 3894 1208 3929 eo
1229 3887 1316 3930 antem
1332 3875 1404 3946 quod
1428 3873 1513 3928 rlthin
