3634 5336
544 603 622 696 4⁰⁰
725 595 768 682 l
824 679 826 684 ,
876 627 964 676 omis
987 625 1171 678 nemmmo

512 813 569 861 ees
595 802 643 860 et‘
656 784 820 874 Galatae,
840 785 996 858 doctrina
1021 813 1161 885 quoque
1188 803 1222 858 et
1248 783 1408 858 omnibus
1427 783 1528 858 bonis

513 921 653 980 ornatae
673 920 775 980 sunt:
793 903 955 977 mulieres
974 931 1054 977 vero
1073 904 1177 977 nimis
1197 903 1359 977 candidas
1377 905 1528 992 habent,

513 1041 548 1100 et
572 1025 661 1100 viros
687 1022 874 1124 prudentes
901 1039 936 1096 et
959 1025 1056 1098 valde
1083 1025 1201 1098 fideles
1225 1081 1234 1114 ‚
1261 1041 1403 1098 naturae
1429 1024 1466 1096 in
1493 1053 1530 1098 se

512 1146 646 1219 bonum
664 1145 839 1220 hahentes.
860 1142 946 1217 Post
968 1142 1127 1218 Ciliciam
1147 1144 1299 1219 occurrit
1310 1145 1357 1244 (a)
1375 1142 1529 1232 Isauria,

512 1293 600 1366 quae
621 1264 708 1337 viros
727 1265 831 1338 fortes
851 1279 885 1336 et
904 1262 1146 1336 latrocinantes
1167 1265 1300 1339 emittit„
1320 1251 1530 1362 Postquam

513 1403 564 1460 est
583 1384 784 1485 Pamphylia
810 1384 905 1482 regio
932 1383 1059 1482 optima
1079 1402 1115 1457 et
1132 1385 1229 1458 valde
1249 1383 1313 1457 sihi
1332 1383 1529 1471 sufficiens,

515 1507 631 1581 oleum
661 1505 813 1579 multum
847 1503 978 1578 faciens
1004 1521 1039 1578 et
1064 1505 1199 1604 replens
1232 1505 1314 1577 alias
1347 1503 1531 1602 regiones.

511 1623 609 1698 Duas
635 1625 738 1697 habet
764 1622 901 1720 Pergen
929 1640 964 1695 et
993 1622 1104 1697 Sidon
1131 1623 1326 1723 splendidas
1353 1623 1532 1700 civitates.

512 1743 598 1816 Post
617 1743 707 1816 hanc
727 1741 838 1840 Lycia
858 1742 952 1840 regio
972 1742 1038 1815 sibi
1057 1742 1232 1816 sufficiens
1251 1743 1355 1815 hahet
1373 1760 1528 1817 montem

512 1863 701 1938 maximum
735 1863 876 1936 nomine
907 1859 1103 1937 Caucasum
1134 1919 1144 1952 ,
1178 1890 1248 1962 quo
1274 1889 1348 1936 non
1374 1861 1460 1936 alius
1487 1880 1528 1936 ut

510 1982 611 2056 aiunt
636 1981 748 2055 maior
773 1981 837 2054 suh
866 1980 1011 2056 caelum.

566 2099 614 2177 25
642 2098 728 2174 Post
752 2098 895 2198 Lyciam
925 2099 1071 2172 maxima
1096 2098 1179 2172 Asia
1208 2157 1217 2188 ‚
1249 2127 1336 2200 quae
1369 2101 1529 2174 omnibus

514 2217 697 2319 provinciis
724 2218 853 2292 eminet
883 2276 893 2306 ,
920 2235 955 2292 et
984 2219 1087 2290 habet
1120 2217 1388 2292 innumerabiles
1419 2219 1534 2293 civita-

513 2357 598 2428 tes,
624 2337 787 2412 maximas
817 2366 898 2412 vero
924 2355 959 2412 et
989 2337 1080 2412 circa
1110 2365 1203 2412 mare
1236 2337 1360 2412 multas
1389 2338 1532 2439 quidem

512 2459 648 2555 habet3
674 2459 867 2560 exquibus
893 2457 1071 2560 Ephesum
1096 2459 1275 2534 nominare
1300 2461 1532 2536 necessarium

514 2596 621 2682 puto:
640 2581 726 2654 haee
752 2597 892 2680 portum
918 2580 1046 2654 dicitur
1071 2581 1195 2654 habere
1222 2581 1456 2681 praecipuum
1479 2577 1532 2653 Si-

511 2702 638 2776 militer
664 2717 781 2776 autem
807 2717 841 2774 et
869 2699 1020 2802 Smyrna
1052 2702 1169 2777 civitas
1200 2703 1394 2802 splendida.
1421 2699 1530 2799 Regio

513 2839 630 2896 autem
654 2837 726 2895 tota
751 2822 947 2920 frugifera,
973 2823 1053 2896 vina
1078 2822 1168 2896 varia
1193 2823 1394 2922 proferens,
1416 2822 1532 2897 oleum

511 2967 651 3040 quoque
681 2995 691 3028 ‚
719 2939 848 3014 orizam
875 2997 886 3029 ,
911 2940 1034 3014 alicam
1057 2997 1066 3030 ‚
1102 2956 1136 3014 et
1161 2969 1349 3040 purpuram
1374 2940 1528 3016 bonam.

563 3060 612 3136 26
639 3060 724 3136 Post
742 3064 832 3136 hanc
854 3063 1009 3163 sequitur
1028 3061 1296 3162 Hellespontus,
1312 3063 1406 3162 regio
1425 3063 1528 3160 frugi·

514 3180 587 3255 fera
607 3181 782 3255 frumento
807 3181 888 3255 vino
909 3197 944 3254 et
963 3180 1039 3254 oleo
1062 3236 1072 3269 ‚
1099 3198 1217 3254 ornata
1237 3180 1429 3254 civitatibus
1447 3180 1532 3253 anti-

512 3301 610 3402 quis,
635 3300 765 3401 Cyzico
789 3359 799 3392 ‚
826 3299 957 3390 Troia,
979 3318 1013 3374 et
1033 3300 1097 3374 llio
1115 3358 1125 3391 ,
1146 3327 1234 3401 quae
1255 3317 1289 3374 et
1308 3301 1475 3401 positione
1496 3316 1530 3373 et

513 3421 752 3519 magnitudine
764 3436 800 3494 et
817 3437 1020 3494 ornamento
1046 3436 1081 3496 et
1101 3419 1334 3493 formonsitate
1349 3420 1397 3519 (b)
1411 3446 1530 3493 omnes

511 3539 629 3613 laudes
649 3567 809 3638 superare
828 3555 948 3640 potest.
968 3536 1015 3611 Et
1034 3538 1082 3611 ihi
1102 3537 1196 3611 enim
1215 3537 1437 3636 pulchritudo
1456 3563 1531 3610 mu·

513 3656 638 3731 lierum
664 3657 842 3730 laudabilis
869 3675 947 3732 est.
977 3654 1063 3730 Post
1087 3654 1352 3755 Hellespontum
1377 3655 1531 3755 sequitur

511 3775 717 3848 admirabilis
737 3773 897 3875 Bithynia
917 3801 1057 3850 omnem
1077 3774 1232 3848 fructum
1251 3773 1389 3849 habens.
1401 3771 1446 3846 In
1464 3772 1529 3846 hac

574 3981 611 4046 (ι)
628 3985 683 4036 cod.
699 3993 786 4032 errrrr't·
848 3984 891 4052 (ts)
907 3995 945 4036 tta
964 3989 1015 4037 eorl.
1025 3991 1065 4049 pol
1082 3997 1117 4034 aet
1133 3989 1283 4036 archaismus·
