3666 5338
539 699 581 765 56
806 673 1171 744 MYTHOGRAPHUS
1209 678 1233 742 1.

540 865 617 922 vellet
646 853 786 910 arbitrium
815 847 922 902 obtulit.
956 844 1004 896 llia

540 958 666 1008 harenam
696 942 818 996 manibus
840 936 947 990 hausit.
979 945 1005 984 et

540 1056 595 1097 tam
623 1039 727 1102 longam
760 1029 842 1080 vitam
874 1020 1000 1094 poposcit

543 1129 593 1184 Cui
618 1122 710 1197 Apollo
740 1118 768 1169 id
791 1129 864 1185 posse
890 1109 945 1162 fieri
963 1125 1007 1160 re·

542 1216 667 1290 spondit,
686 1211 708 1264 si
718 1203 901 1275 Erythraeam,
915 1199 942 1250 in
954 1213 1008 1267 qun

542 1301 699 1358 habitabat,
711 1294 821 1348 insulam
832 1289 1007 1356 relinqueret,

542 1403 569 1445 et
588 1405 646 1442 eam
658 1397 801 1450 numquam
819 1377 928 1430 videret·
945 1375 1009 1428 Pro-

541 1477 611 1529 fecto
629 1471 728 1540 igitur,
749 1468 845 1520 Cumas
855 1462 963 1518 tenuit,
982 1469 1008 1512 et

542 1561 598 1616 iilic
635 1557 751 1628 corporis
791 1550 893 1608 viribus
922 1547 1010 1602 delec-

542 1661 598 1705 ta,
631 1645 715 1702 vitam
744 1644 772 1697 in
796 1638 851 1694 sola
878 1651 940 1690 voce
968 1651 1010 1686 re·

544 1736 638 1790 tinuit·
667 1731 746 1801 Quod
774 1745 832 1779 eum
860 1727 930 1778 cives
953 1722 1010 1776 eius

544 1821 726 1890 cognovissent
737 1817 811 1889 (sive
827 1813 928 1868 invidia
937 1849 944 1870 ,
954 1813 1024 1864 sive·

544 1915 714 1970 miseratione
745 1905 893 1960 commoti,
926 1902 1011 1954 incer-

546 2015 603 2060 tum
614 2003 672 2073 est)
689 2002 713 2051 ei
727 1995 865 2068 epistolam
884 1992 1010 2062 miserunt

544 2101 616 2144 creta
642 2089 753 2156 antiquo
778 2099 848 2135 more
871 2081 1010 2148 signatam.

543 2183 603 2252 Qua
625 2165 688 2234 visa¹
703 2188 791 2229 terra,
810 2170 874 2241 quia
898 2181 956 2221 erat
979 2167 1012 2220 de

543 2269 601 2321 eins
633 2264 738 2318 insula,
775 2261 802 2312 in
837 2267 946 2310 mortem
970 2265 1009 2306 est

544 2355 639 2409 soluto·
674 2351 749 2403 Unde
783 2347 904 2401 nonnulli
941 2343 1009 2395 harre

545 2458 602 2494 esse
615 2439 726 2493 dicunt,
742 2452 811 2504 quae
829 2449 934 2486 ronrnna
954 2428 1011 2482 iata

546 2525 712 2597 conscripsit:
722 2523 786 2593 quia
799 2522 903 2574 incenso
915 2519 1009 2588 templo

547 2613 695 2686 Apollinis,
724 2609 786 2663 inde
803 2611 910 2662 Romam
938 2605 1011 2658 allati

546 2714 610 2758 sunt
627 2698 707 2756 libri,
725 2697 795 2750 unde
817 2695 882 2748 haec
901 2694 993 2747 luerat.

533 2879 590 2946 154.
609 2876 741 2934 Caenidos
761 2890 831 2926 nunc
852 2871 923 2928 viri,
943 2889 1012 2923 nune

620 2963 750 3020 femmae,
768 2970 795 3013 et
817 2957 942 3031 Neptuni.

585 3087 709 3203 Caenis
728 3141 801 3208 virgo
820 3136 886 3196 tuit,
904 3155 973 3206 qnae
999 3154 1015 3187 a

548 3237 672 3305 Neptuno
695 3249 742 3302 pro
759 3240 851 3297 stupro
870 3223 1015 3296 praemium

548 3338 626 3378 sexus
639 3316 812 3370 mutationem
827 3311 931 3366 meruit·
951 3311 1017 3365 Fuit

550 3410 631 3464 etiam
650 3399 862 3460 invulnerabilis.
888 3400 939 3452 Sed
963 3414 1015 3470 pu·

552 3498 656 3567 gnando
691 3511 739 3566 pro
770 3489 899 3561 Lapythis
924 3499 1017 3544 contra

552 3596 714 3638 centauros,
742 3566 841 3631 creliris
864 3575 963 3628 ictibus
980 3573 1017 3628 iu·

551 3675 633 3728 stium
667 3669 807 3742 paullatim
824 3667 892 3720 fixus
907 3665 935 3718 in
948 3676 1018 3718 terra

552 3771 600 3814 est.
619 3759 683 3810 Post
701 3766 808 3808 mortem
823 3764 910 3805 tamen
929 3752 958 3804 in
976 3767 1018 3804 an·

553 3865 616 3900 xum
634 3843 724 3898 rediit.
745 3843 800 3895 lloc
822 3855 909 3895 autem
935 3851 1018 3894 osten·

555 3933 597 3986 ait
627 3931 730 3984 dietum
762 3929 829 3982 illud
857 3927 1018 3998 platonicum

1066 849 1320 916 metempsychosin,
1346 849 1374 900 id
1400 859 1440 902 est
1469 867 1529 919 per-

1064 937 1237 988 mutationem
1251 974 1258 994 ,
1272 952 1361 988 sexum
1380 937 1531 1007 pierumque

1065 1033 1176 1076 mutare.
1197 1026 1243 1092 (r)

1200 1195 1256 1254 ¹55·
1276 1197 1416 1269 Tarpeiae.

1119 1315 1262 1445 Tarpeia
1278 1375 1351 1428 tedes
1376 1371 1496 1425 dictaest
1516 1387 1532 1420 a

1067 1457 1179 1528 Tarpeia
1194 1461 1305 1528 virgine·
1319 1461 1385 1514 Cum
1397 1459 1467 1513 enim
1478 1460 1532 1511 llo-

1065 1549 1152 1602 mulus
1189 1560 1279 1603 tonna
1316 1549 1426 1602 Sabinos
1464 1546 1531 1600 bella

1067 1646 1212 1694 tractaret.
1231 1648 1259 1690 et
1288 1635 1402 1706 Tarpeio
1424 1635 1531 1687 cuidam

1069 1724 1185 1777 dedisset
1203 1740 1288 1776 arcem
1308 1721 1452 1786 tuendam
1476 1721 1532 1774 filia

1068 1811 1126 1865 cius
1137 1811 1251 1882 Tarpeia
1264 1820 1391 1880 aquatum
1401 1807 1532 1880 proiecta,

1069 1899 1096 1950 in
1127 1899 1214 1952 hostes
1235 1897 1340 1950 incidit.
1362 1898 1447 1967 Quam
1475 1911 1534 1946 cum

1067 1985 1235 2038 hortarentur
1269 1985 1304 2037 ad
1341 1983 1533 2056 proditionem.

1067 2074 1111 2126 illa
1128 2092 1176 2145 pro
1199 2075 1314 2146 praemio
1345 2072 1467 2144 poposcit
1488 2089 1533 2124 or-

1068 2175 1159 2217 natum
1191 2183 1315 2218 manuum
1351 2161 1532 2217 sinistrarum.

1068 2252 1096 2303 id
1122 2263 1161 2305 est
1183 2252 1304 2304 armillas.
1333 2251 1414 2302 Facta
1444 2249 1534 2316 itaque

1067 2341 1217 2411 proditione
1234 2340 1323 2397 areis.
1342 2339 1431 2392 hostes
1458 2337 1533 2406 iuge·

1068 2433 1142 2486 niosa
1174 2443 1257 2484 morte
1286 2429 1411 2500 promissa
1450 2429 1535 2480 solve-
1623 2486 1627 2495 ‚

1070 2533 1142 2574 runt.
1170 2521 1236 2572 Nam
1252 2530 1341 2574 scuta,
1366 2517 1451 2569 idest
1472 2515 1537 2568 sini·

1070 2617 1183 2659 strarum
1208 2617 1349 2662 ornatum,
1368 2621 1446 2674 super
1466 2603 1535 2654 illam

1073 2696 1213 2750 iacientes,
1232 2711 1289 2746 carn
1307 2694 1363 2746 luce
1381 2692 1536 2763 privarunt:

1071 2801 1140 2852 quae
1170 2783 1225 2836 illic
1255 2782 1376 2852 sepulta,
1406 2777 1536 2849 Tarpeiae

1071 2874 1126 2928 sedi
1148 2891 1241 2930 nornen
1260 2871 1394 2944 imposuit·

1128 3045 1186 3104 156.
1205 3045 1307 3100 Niobae
1326 3058 1353 3098 et
1378 3045 1499 3099 filiorum·

1127 3167 1244 3280 Niobe
1261 3223 1370 3277 Tantali
1380 3222 1452 3278 filia,
1471 3213 1538 3275 uror

1074 3312 1252 3385 Amphionis,
1272 3329 1304 3364 ex
1318 3310 1409 3381 Sipylo
1438 3309 1540 3376 Lydiae

1075 3414 1157 3466 orta3
1178 3419 1247 3472 quae
1259 3419 1292 3453 ex
1313 3397 1460 3468 Amphione
1478 3396 1540 3453 VN,

1075 3491 1156 3547 illios,
1188 3498 1216 3541 ct
1241 3488 1302 3540 vll.
1333 3485 1402 3537 filios
1426 3481 1541 3541 habuit,

1052 3579 1056 3584 ’
1076 3581 1106 3634 id
1122 3577 1280 3642 estx1111;
1300 3591 1412 3645 quorum
1434 3573 1541 3626 nomina

1077 3678 1140 3723 sunt
1158 3667 1241 3720 haee:
1264 3661 1453 3718 Archemorus,
1485 3659 1542 3713 An·

1077 3754 1206 3824 tagorus.
1243 3751 1389 3810 Tantalus,
1425 3749 1542 3803 Phaedi-

1075 3861 1133 3897 mne
1149 3878 1156 3899 .
1171 3839 1299 3912 Sipylus,
1317 3837 1491 3892 Xenarchns‚
1514 3837 1544 3887 E·

1076 3930 1187 4003 pinitus.
1208 3929 1272 3978 Item
1292 3925 1362 3979 filiae
1380 3924 1544 3979 Asticrntia,

553 4024 594 4077 vel
622 4017 829 4074 aristotelicum,
855 4017 955 4070 animas
977 4033 1023 4088 per
1077 4016 1203 4088 Pelopia,
1223 4011 1359 4074 Cheloris,
1385 4011 1542 4067 Cleodoxe.

608 4122 650 4188 (r)
666 4122 814 4170 Ethnieernm
831 4120 867 4164 hic
885 4135 946 4168 error
961 4119 1013 4164 luit.
