<?xml version="1.0" encoding="UTF-8"?>
<!DOCTYPE html PUBLIC "-//W3C//DTD XHTML 1.0 Transitional//EN"
    "http://www.w3.org/TR/xhtml1/DTD/xhtml1-transitional.dtd">
<html xmlns="http://www.w3.org/1999/xhtml" xml:lang="en" lang="en">
 <head>
  <title>
</title>
<meta http-equiv="Content-Type" content="text/html;charset=utf-8" />
  <meta name='ocr-system' content='tesseract 3.04.00' />
  <meta name='ocr-capabilities' content='ocr_page ocr_carea ocr_par ocr_line ocrx_word'/>
</head>
<body>
  <div class='ocr_page' id='page_1' title='image "./classicorumauct01vatigoog_0453.png"; bbox 0 0 3638 5332; ppageno 0'>
   <div class='ocr_carea' id='block_1_1' title="bbox 1284 597 1337 646">
    <p class='ocr_par' dir='ltr' id='par_1_1' title="bbox 1284 597 1337 646">
     <span class='ocr_line' id='line_1_1' title="bbox 1284 597 1337 646; baseline 0 0"><span class='ocrx_word' id='word_1_1' title='bbox 1284 597 1337 646; x_wconf 59' lang='lat' dir='ltr'><strong>V&#39;i</strong></span> 
     </span>
    </p>
   </div>
   <div class='ocr_carea' id='block_1_2' title="bbox 524 603 1146 706">
    <p class='ocr_par' dir='ltr' id='par_1_2' title="bbox 524 603 1146 706">
     <span class='ocr_line' id='line_1_2' title="bbox 524 603 1146 706; baseline -0.011 -28"><span class='ocrx_word' id='word_1_2' title='bbox 524 603 601 706; x_wconf 81' lang='lat'><strong>39⁰</strong></span> <span class='ocrx_word' id='word_1_3' title='bbox 855 621 943 676; x_wconf 81' lang='lat' dir='ltr'><strong>orris</strong></span> <span class='ocrx_word' id='word_1_4' title='bbox 961 621 1146 672; x_wconf 70' lang='lat' dir='ltr'><strong>nucsmao</strong></span> 
     </span>
    </p>
   </div>
   <div class='ocr_carea' id='block_1_3' title="bbox 499 779 1535 2318">
    <p class='ocr_par' dir='ltr' id='par_1_3' title="bbox 499 779 1531 1698">
     <span class='ocr_line' id='line_1_3' title="bbox 499 779 1519 886; baseline -0.006 -26"><span class='ocrx_word' id='word_1_5' title='bbox 499 785 595 860; x_wconf 86' lang='lat' dir='ltr'><strong>idern</strong></span> <span class='ocrx_word' id='word_1_6' title='bbox 608 783 699 882; x_wconf 77' lang='lat' dir='ltr'><strong>ignis</strong></span> <span class='ocrx_word' id='word_1_7' title='bbox 713 779 884 856; x_wconf 89' lang='lat' dir='ltr'><strong>inlocum</strong></span> <span class='ocrx_word' id='word_1_8' title='bbox 899 809 1007 856; x_wconf 85' lang='lat' dir='ltr'><strong>suum</strong></span> <span class='ocrx_word' id='word_1_9' title='bbox 1020 781 1139 856; x_wconf 88' lang='lat' dir='ltr'><strong>denuo</strong></span> <span class='ocrx_word' id='word_1_10' title='bbox 1153 779 1458 858; x_wconf 81' lang='lat' dir='ltr'><strong>revertatur.Sunt</strong></span> <span class='ocrx_word' id='word_1_11' title='bbox 1467 785 1477 884; x_wconf 87' lang='lat'><strong>(</strong></span> <span class='ocrx_word' id='word_1_12' title='bbox 1486 788 1519 886; x_wconf 75' lang='grc' dir='ltr'><strong>ι)</strong></span> 
     </span>
     <span class='ocr_line' id='line_1_4' title="bbox 502 905 1526 1006; baseline -0.005 -23"><span class='ocrx_word' id='word_1_13' title='bbox 502 920 674 983; x_wconf 85' lang='lat' dir='ltr'><strong>autemst</strong></span> <span class='ocrx_word' id='word_1_14' title='bbox 695 905 769 980; x_wconf 86' lang='lat' dir='ltr'><strong>sine</strong></span> <span class='ocrx_word' id='word_1_15' title='bbox 784 905 933 1006; x_wconf 86' lang='lat' dir='ltr'><strong>imperio</strong></span> <span class='ocrx_word' id='word_1_16' title='bbox 949 921 1058 979; x_wconf 88' lang='lat' dir='ltr'><strong>semet</strong></span> <span class='ocrx_word' id='word_1_17' title='bbox 1079 905 1173 1006; x_wconf 83' lang='lat' dir='ltr'><strong>ipsos</strong></span> <span class='ocrx_word' id='word_1_18' title='bbox 1188 924 1349 1005; x_wconf 83' lang='lat' dir='ltr'><strong>regentes</strong></span> <span class='ocrx_word' id='word_1_19' title='bbox 1365 935 1374 982; x_wconf 74' lang='grc' dir='ltr'><strong>ε</strong></span> <span class='ocrx_word' id='word_1_20' title='bbox 1394 905 1432 978; x_wconf 93' lang='lat' dir='ltr'><strong>in</strong></span> <span class='ocrx_word' id='word_1_21' title='bbox 1447 905 1526 1006; x_wconf 80' lang='lat' dir='ltr'><strong>qui·</strong></span> 
     </span>
     <span class='ocr_line' id='line_1_5' title="bbox 500 1025 1526 1128; baseline -0.003 -24"><span class='ocrx_word' id='word_1_22' title='bbox 500 1031 579 1104; x_wconf 79' lang='lat' dir='ltr'><strong>bus</strong></span> <span class='ocrx_word' id='word_1_23' title='bbox 590 1028 685 1103; x_wconf 85' lang='lat' dir='ltr'><strong>sieut</strong></span> <span class='ocrx_word' id='word_1_24' title='bbox 698 1027 798 1104; x_wconf 88' lang='lat' dir='ltr'><strong>nulia</strong></span> <span class='ocrx_word' id='word_1_25' title='bbox 812 1025 1012 1124; x_wconf 76' lang='lat' dir='ltr'>malignitas</span> <span class='ocrx_word' id='word_1_26' title='bbox 1032 1026 1235 1118; x_wconf 80' lang='lat' dir='ltr'><strong>invenitur,</strong></span> <span class='ocrx_word' id='word_1_27' title='bbox 1256 1027 1306 1101; x_wconf 87' lang='lat' dir='ltr'><strong>ita</strong></span> <span class='ocrx_word' id='word_1_28' title='bbox 1324 1055 1441 1128; x_wconf 89' lang='lat' dir='ltr'><strong>neque</strong></span> <span class='ocrx_word' id='word_1_29' title='bbox 1461 1055 1526 1127; x_wconf 90' lang='lat' dir='ltr'><strong>pu·</strong></span> 
     </span>
     <span class='ocr_line' id='line_1_6' title="bbox 501 1143 1525 1249; baseline -0.004 -27"><span class='ocrx_word' id='word_1_30' title='bbox 501 1149 590 1222; x_wconf 87' lang='lat' dir='ltr'><strong>lices</strong></span> <span class='ocrx_word' id='word_1_31' title='bbox 616 1175 733 1249; x_wconf 91' lang='lat' dir='ltr'><strong>neque</strong></span> <span class='ocrx_word' id='word_1_32' title='bbox 761 1143 931 1246; x_wconf 88' lang='lat' dir='ltr'><strong>pedueios</strong></span> <span class='ocrx_word' id='word_1_33' title='bbox 963 1172 1079 1246; x_wconf 84' lang='lat' dir='ltr'><strong>neque</strong></span> <span class='ocrx_word' id='word_1_34' title='bbox 1117 1145 1262 1219; x_wconf 85' lang='lat' dir='ltr'><strong>cimices</strong></span> <span class='ocrx_word' id='word_1_35' title='bbox 1295 1164 1358 1220; x_wconf 91' lang='lat' dir='ltr'><strong>aut</strong></span> <span class='ocrx_word' id='word_1_36' title='bbox 1392 1147 1525 1246; x_wconf 78' lang='lat' dir='ltr'><strong>aliquid</strong></span> 
     </span>
     <span class='ocr_line' id='line_1_7' title="bbox 504 1261 1528 1366; baseline -0.003 -26"><span class='ocrx_word' id='word_1_37' title='bbox 504 1266 600 1366; x_wconf 89' lang='lat' dir='ltr'><strong>quod</strong></span> <span class='ocrx_word' id='word_1_38' title='bbox 627 1283 681 1340; x_wconf 82' lang='lat' dir='ltr'><strong>est</strong></span> <span class='ocrx_word' id='word_1_39' title='bbox 706 1264 855 1338; x_wconf 83' lang='lat' dir='ltr'><strong>noxium</strong></span> <span class='ocrx_word' id='word_1_40' title='bbox 879 1263 1008 1336; x_wconf 85' lang='lat' dir='ltr'><strong>hebere</strong></span> <span class='ocrx_word' id='word_1_41' title='bbox 1035 1280 1196 1364; x_wconf 77' lang='lat' dir='ltr'><strong>possunt.</strong></span> <span class='ocrx_word' id='word_1_42' title='bbox 1223 1261 1446 1338; x_wconf 75' lang='lat' dir='ltr'><strong>Vestimenta</strong></span> <span class='ocrx_word' id='word_1_43' title='bbox 1472 1292 1528 1338; x_wconf 75' lang='lat' dir='ltr'><strong>eo</strong></span> 
     </span>
     <span class='ocr_line' id='line_1_8' title="bbox 504 1381 1529 1484; baseline -0.004 -26"><span class='ocrx_word' id='word_1_44' title='bbox 504 1411 588 1458; x_wconf 88' lang='lat' dir='ltr'><strong>rum</strong></span> <span class='ocrx_word' id='word_1_45' title='bbox 615 1383 794 1458; x_wconf 74' lang='lat' dir='ltr'>sordidare</span> <span class='ocrx_word' id='word_1_46' title='bbox 814 1383 984 1456; x_wconf 87' lang='lat' dir='ltr'><strong>nesciunt</strong></span> <span class='ocrx_word' id='word_1_47' title='bbox 1005 1409 1016 1476; x_wconf 82' lang='lat'>3</span> <span class='ocrx_word' id='word_1_48' title='bbox 1042 1381 1190 1483; x_wconf 89' lang='lat' dir='ltr'><strong>quodsi</strong></span> <span class='ocrx_word' id='word_1_49' title='bbox 1217 1384 1439 1482; x_wconf 83' lang='lat' dir='ltr'><strong>contigerit,</strong></span> <span class='ocrx_word' id='word_1_50' title='bbox 1466 1411 1529 1484; x_wconf 86' lang='lat' dir='ltr'><strong>per</strong></span> 
     </span>
     <span class='ocr_line' id='line_1_9' title="bbox 507 1500 1531 1600; baseline 0 -26"><span class='ocrx_word' id='word_1_51' title='bbox 507 1503 626 1600; x_wconf 76' lang='lat' dir='ltr'><strong>ignem</strong></span> <span class='ocrx_word' id='word_1_52' title='bbox 652 1501 734 1576; x_wconf 86' lang='lat' dir='ltr'><strong>solis</strong></span> <span class='ocrx_word' id='word_1_53' title='bbox 758 1500 913 1574; x_wconf 84' lang='lat' dir='ltr'><strong>loturam</strong></span> <span class='ocrx_word' id='word_1_54' title='bbox 939 1514 1159 1600; x_wconf 74' lang='lat' dir='ltr'><strong>expectant:</strong></span> <span class='ocrx_word' id='word_1_55' title='bbox 1186 1501 1314 1574; x_wconf 90' lang='lat' dir='ltr'><strong>ardens</strong></span> <span class='ocrx_word' id='word_1_56' title='bbox 1339 1503 1435 1574; x_wconf 89' lang='lat' dir='ltr'><strong>enim</strong></span> <span class='ocrx_word' id='word_1_57' title='bbox 1461 1529 1531 1574; x_wconf 86' lang='lat' dir='ltr'><strong>me·</strong></span> 
     </span>
     <span class='ocr_line' id='line_1_10' title="bbox 506 1623 651 1698; baseline 0 -2"><span class='ocrx_word' id='word_1_58' title='bbox 506 1624 573 1698; x_wconf 89' lang='lat' dir='ltr'><strong>lior</strong></span> <span class='ocrx_word' id='word_1_59' title='bbox 600 1623 651 1696; x_wconf 79' lang='lat' dir='ltr'><strong>iit</strong></span> 
     </span>
    </p>

    <p class='ocr_par' dir='ltr' id='par_1_4' title="bbox 507 1741 1535 2318">
     <span class='ocr_line' id='line_1_11' title="bbox 568 1741 1529 1846; baseline -0.001 -30"><span class='ocrx_word' id='word_1_60' title='bbox 568 1747 594 1840; x_wconf 78' lang='grc'>4</span> <span class='ocrx_word' id='word_1_61' title='bbox 622 1741 719 1816; x_wconf 85' lang='lat' dir='ltr'><strong>Sunt</strong></span> <span class='ocrx_word' id='word_1_62' title='bbox 734 1751 855 1816; x_wconf 83' lang='lat' dir='ltr'><strong>autem</strong></span> <span class='ocrx_word' id='word_1_63' title='bbox 869 1757 955 1842; x_wconf 84' lang='lat' dir='ltr'><strong>aput</strong></span> <span class='ocrx_word' id='word_1_64' title='bbox 969 1769 1028 1815; x_wconf 89' lang='lat' dir='ltr'><strong>eos</strong></span> <span class='ocrx_word' id='word_1_65' title='bbox 1041 1743 1176 1846; x_wconf 87' lang='lat' dir='ltr'><strong>lapides</strong></span> <span class='ocrx_word' id='word_1_66' title='bbox 1191 1744 1337 1846; x_wconf 81' lang='lat' dir='ltr'><strong>pretiosi</strong></span> <span class='ocrx_word' id='word_1_67' title='bbox 1353 1747 1404 1842; x_wconf 76' lang='lat'><strong>(2)</strong></span> <span class='ocrx_word' id='word_1_68' title='bbox 1421 1762 1457 1817; x_wconf 87' lang='lat' dir='ltr'><strong>et</strong></span> <span class='ocrx_word' id='word_1_69' title='bbox 1476 1771 1529 1816; x_wconf 88' lang='lat' dir='ltr'><strong>va·</strong></span> 
     </span>
     <span class='ocr_line' id='line_1_12' title="bbox 517 1863 1535 1964; baseline -0.002 -26"><span class='ocrx_word' id='word_1_70' title='bbox 517 1865 585 1954; x_wconf 88' lang='lat' dir='ltr'><strong>rii,</strong></span> <span class='ocrx_word' id='word_1_71' title='bbox 603 1865 673 1936; x_wconf 91' lang='lat' dir='ltr'><strong>hoc</strong></span> <span class='ocrx_word' id='word_1_72' title='bbox 693 1879 748 1935; x_wconf 90' lang='lat' dir='ltr'><strong>est</strong></span> <span class='ocrx_word' id='word_1_73' title='bbox 763 1863 960 1960; x_wconf 82' lang='lat' dir='ltr'><strong>smaragdi,</strong></span> <span class='ocrx_word' id='word_1_74' title='bbox 985 1867 1215 1963; x_wconf 82' lang='lat' dir='ltr'><strong>margaritae,</strong></span> <span class='ocrx_word' id='word_1_75' title='bbox 1236 1865 1439 1964; x_wconf 78' lang='lat' dir='ltr'><strong>hyacinthi,</strong></span> <span class='ocrx_word' id='word_1_76' title='bbox 1462 1893 1535 1938; x_wconf 89' lang='lat' dir='ltr'><strong>car·</strong></span> 
     </span>
     <span class='ocr_line' id='line_1_13' title="bbox 511 1983 1531 2084; baseline -0.004 -26"><span class='ocrx_word' id='word_1_77' title='bbox 511 1983 694 2060; x_wconf 89' lang='lat' dir='ltr'><strong>hunculus</strong></span> <span class='ocrx_word' id='word_1_78' title='bbox 706 1999 760 2072; x_wconf 88' lang='lat' dir='ltr'><strong>,et</strong></span> <span class='ocrx_word' id='word_1_79' title='bbox 774 1983 961 2084; x_wconf 88' lang='lat' dir='ltr'><strong>sapphirus</strong></span> <span class='ocrx_word' id='word_1_80' title='bbox 978 1983 1016 2056; x_wconf 88' lang='lat' dir='ltr'><strong>in</strong></span> <span class='ocrx_word' id='word_1_81' title='bbox 1037 1985 1228 2060; x_wconf 81' lang='lat' dir='ltr'><strong>montibus.</strong></span> <span class='ocrx_word' id='word_1_82' title='bbox 1245 1983 1389 2078; x_wconf 88' lang='lat' dir='ltr'><strong>Quibus</strong></span> <span class='ocrx_word' id='word_1_83' title='bbox 1409 2011 1531 2059; x_wconf 85' lang='lat' dir='ltr'><strong>omnes</strong></span> 
     </span>
     <span class='ocr_line' id='line_1_14' title="bbox 511 2103 1535 2181; baseline -0.005 0"><span class='ocrx_word' id='word_1_84' title='bbox 511 2104 713 2181; x_wconf 86' lang='lat' dir='ltr'><strong>secundum</strong></span> <span class='ocrx_word' id='word_1_85' title='bbox 746 2103 846 2177; x_wconf 89' lang='lat' dir='ltr'><strong>hunc</strong></span> <span class='ocrx_word' id='word_1_86' title='bbox 879 2103 1025 2178; x_wconf 88' lang='lat' dir='ltr'><strong>modum</strong></span> <span class='ocrx_word' id='word_1_87' title='bbox 1057 2103 1306 2180; x_wconf 80' lang='lat' dir='ltr'><strong>habundant:</strong></span> <span class='ocrx_word' id='word_1_88' title='bbox 1339 2103 1535 2178; x_wconf 85' lang='lat' dir='ltr'><strong>decurrens</strong></span> 
     </span>
     <span class='ocr_line' id='line_1_15' title="bbox 507 2225 1532 2318; baseline -0.002 -17"><span class='ocrx_word' id='word_1_89' title='bbox 507 2227 604 2301; x_wconf 89' lang='lat' dir='ltr'><strong>enim</strong></span> <span class='ocrx_word' id='word_1_90' title='bbox 631 2225 763 2300; x_wconf 83' lang='lat' dir='ltr'><strong>fluvius</strong></span> <span class='ocrx_word' id='word_1_91' title='bbox 782 2225 907 2298; x_wconf 89' lang='lat' dir='ltr'><strong>diebus</strong></span> <span class='ocrx_word' id='word_1_92' title='bbox 928 2253 970 2298; x_wconf 88' lang='lat' dir='ltr'><strong>ac</strong></span> <span class='ocrx_word' id='word_1_93' title='bbox 990 2227 1158 2300; x_wconf 89' lang='lat' dir='ltr'><strong>noctibus</strong></span> <span class='ocrx_word' id='word_1_94' title='bbox 1182 2285 1191 2318; x_wconf 92' lang='lat'><strong>,</strong></span> <span class='ocrx_word' id='word_1_95' title='bbox 1219 2244 1376 2301; x_wconf 90' lang='lat' dir='ltr'><strong>montem</strong></span> <span class='ocrx_word' id='word_1_96' title='bbox 1396 2227 1532 2300; x_wconf 87' lang='lat' dir='ltr'><strong>abscin-</strong></span> 
     </span>
    </p>
   </div>
   <div class='ocr_carea' id='block_1_4' title="bbox 506 2343 1534 2684">
    <p class='ocr_par' dir='ltr' id='par_1_5' title="bbox 506 2343 1534 2684">
     <span class='ocr_line' id='line_1_16' title="bbox 506 2343 1528 2447; baseline 0.002 -27"><span class='ocrx_word' id='word_1_97' title='bbox 506 2347 593 2437; x_wconf 90' lang='lat' dir='ltr'><strong>dit,</strong></span> <span class='ocrx_word' id='word_1_98' title='bbox 625 2363 661 2419; x_wconf 87' lang='lat' dir='ltr'><strong>et</strong></span> <span class='ocrx_word' id='word_1_99' title='bbox 694 2343 790 2418; x_wconf 87' lang='lat' dir='ltr'><strong>iilius</strong></span> <span class='ocrx_word' id='word_1_100' title='bbox 823 2359 943 2418; x_wconf 87' lang='lat' dir='ltr'><strong>crusta</strong></span> <span class='ocrx_word' id='word_1_101' title='bbox 978 2371 1152 2446; x_wconf 86' lang='lat' dir='ltr'><strong>aquarum</strong></span> <span class='ocrx_word' id='word_1_102' title='bbox 1185 2347 1359 2447; x_wconf 89' lang='lat' dir='ltr'><strong>impetum</strong></span> <span class='ocrx_word' id='word_1_103' title='bbox 1391 2347 1528 2422; x_wconf 88' lang='lat' dir='ltr'><strong>trahit.</strong></span> 
     </span>
     <span class='ocr_line' id='line_1_17' title="bbox 512 2461 1532 2565; baseline -0.001 -28"><span class='ocrx_word' id='word_1_104' title='bbox 512 2463 659 2539; x_wconf 82' lang='lat' dir='ltr'><strong>Astutia</strong></span> <span class='ocrx_word' id='word_1_105' title='bbox 677 2489 759 2535; x_wconf 81' lang='lat' dir='ltr'><strong>vero</strong></span> <span class='ocrx_word' id='word_1_106' title='bbox 781 2461 896 2559; x_wconf 85' lang='lat' dir='ltr'><strong>gentis</strong></span> <span class='ocrx_word' id='word_1_107' title='bbox 915 2463 1009 2536; x_wconf 90' lang='lat' dir='ltr'><strong>hanc</strong></span> <span class='ocrx_word' id='word_1_108' title='bbox 1031 2463 1167 2538; x_wconf 67' lang='lat' dir='ltr'><strong>invenit</strong></span> <span class='ocrx_word' id='word_1_109' title='bbox 1186 2481 1323 2554; x_wconf 86' lang='lat' dir='ltr'><strong>artem,</strong></span> <span class='ocrx_word' id='word_1_110' title='bbox 1341 2491 1405 2565; x_wconf 87' lang='lat' dir='ltr'><strong>per</strong></span> <span class='ocrx_word' id='word_1_111' title='bbox 1423 2489 1532 2563; x_wconf 85' lang='lat' dir='ltr'><strong>quam</strong></span> 
     </span>
     <span class='ocr_line' id='line_1_18' title="bbox 512 2581 1534 2684; baseline -0.004 -26"><span class='ocrx_word' id='word_1_112' title='bbox 512 2611 602 2684; x_wconf 88' lang='lat' dir='ltr'><strong>quae</strong></span> <span class='ocrx_word' id='word_1_113' title='bbox 629 2581 712 2654; x_wconf 92' lang='lat' dir='ltr'><strong>inde</strong></span> <span class='ocrx_word' id='word_1_114' title='bbox 733 2598 867 2656; x_wconf 85' lang='lat' dir='ltr'><strong>exeunt</strong></span> <span class='ocrx_word' id='word_1_115' title='bbox 891 2581 1019 2654; x_wconf 83' lang='lat' dir='ltr'><strong>hahere</strong></span> <span class='ocrx_word' id='word_1_116' title='bbox 1046 2583 1188 2684; x_wconf 86' lang='lat' dir='ltr'><strong>possit:</strong></span> <span class='ocrx_word' id='word_1_117' title='bbox 1213 2584 1384 2656; x_wconf 83' lang='lat' dir='ltr'><strong>iacientes</strong></span> <span class='ocrx_word' id='word_1_118' title='bbox 1409 2582 1499 2656; x_wconf 87' lang='lat' dir='ltr'><strong>retia</strong></span> <span class='ocrx_word' id='word_1_119' title='bbox 1524 2637 1534 2670; x_wconf 94' lang='lat'><strong>‚</strong></span> 
     </span>
    </p>
   </div>
   <div class='ocr_carea' id='block_1_5' title="bbox 511 2699 1543 3280">
    <p class='ocr_par' dir='ltr' id='par_1_6' title="bbox 511 2699 1536 3042">
     <span class='ocr_line' id='line_1_19' title="bbox 511 2699 1533 2804; baseline -0.004 -29"><span class='ocrx_word' id='word_1_120' title='bbox 511 2720 551 2776; x_wconf 88' lang='lat' dir='ltr'><strong>et</strong></span> <span class='ocrx_word' id='word_1_121' title='bbox 573 2704 612 2775; x_wconf 93' lang='lat' dir='ltr'><strong>in</strong></span> <span class='ocrx_word' id='word_1_122' title='bbox 638 2717 787 2798; x_wconf 83' lang='lat' dir='ltr'><strong>angusta</strong></span> <span class='ocrx_word' id='word_1_123' title='bbox 813 2701 916 2774; x_wconf 81' lang='lat' dir='ltr'><strong>fluvii</strong></span> <span class='ocrx_word' id='word_1_124' title='bbox 944 2700 1023 2775; x_wconf 90' lang='lat' dir='ltr'><strong>loca</strong></span> <span class='ocrx_word' id='word_1_125' title='bbox 1055 2719 1225 2804; x_wconf 83' lang='lat' dir='ltr'><strong>ponentes</strong></span> <span class='ocrx_word' id='word_1_126' title='bbox 1255 2761 1266 2793; x_wconf 93' lang='lat'><strong>,</strong></span> <span class='ocrx_word' id='word_1_127' title='bbox 1292 2731 1333 2778; x_wconf 83' lang='lat' dir='ltr'><strong>es</strong></span> <span class='ocrx_word' id='word_1_128' title='bbox 1366 2729 1456 2803; x_wconf 84' lang='lat' dir='ltr'><strong>quae</strong></span> <span class='ocrx_word' id='word_1_129' title='bbox 1488 2699 1533 2772; x_wconf 86' lang='lat' dir='ltr'><strong>de</strong></span> 
     </span>
     <span class='ocr_line' id='line_1_20' title="bbox 517 2818 1536 2921; baseline 0 -30"><span class='ocrx_word' id='word_1_130' title='bbox 517 2819 693 2921; x_wconf 89' lang='lat' dir='ltr'><strong>superiori</strong></span> <span class='ocrx_word' id='word_1_131' title='bbox 719 2834 818 2920; x_wconf 86' lang='lat' dir='ltr'><strong>parte</strong></span> <span class='ocrx_word' id='word_1_132' title='bbox 844 2818 1098 2910; x_wconf 80' lang='lat' dir='ltr'><strong>descendunt,</strong></span> <span class='ocrx_word' id='word_1_133' title='bbox 1125 2821 1200 2894; x_wconf 87' lang='lat' dir='ltr'><strong>sine</strong></span> <span class='ocrx_word' id='word_1_134' title='bbox 1227 2821 1298 2896; x_wconf 86' lang='lat' dir='ltr'><strong>ulia</strong></span> <span class='ocrx_word' id='word_1_135' title='bbox 1324 2820 1536 2894; x_wconf 78' lang='lat' dir='ltr'><strong>difficultate</strong></span> 
     </span>
     <span class='ocr_line' id='line_1_21' title="bbox 518 2937 731 3042; baseline -0.009 -30"><span class='ocrx_word' id='word_1_136' title='bbox 518 2937 731 3042; x_wconf 86' lang='lat' dir='ltr'><strong>suscipiunt.</strong></span> 
     </span>
    </p>

    <p class='ocr_par' dir='ltr' id='par_1_7' title="bbox 517 3055 1543 3280">
     <span class='ocr_line' id='line_1_22' title="bbox 569 3055 1541 3156; baseline -0.005 -20"><span class='ocrx_word' id='word_1_137' title='bbox 569 3057 591 3136; x_wconf 84' lang='lat'>5</span> <span class='ocrx_word' id='word_1_138' title='bbox 620 3055 663 3132; x_wconf 91' lang='lat' dir='ltr'><strong>In</strong></span> <span class='ocrx_word' id='word_1_139' title='bbox 681 3075 778 3131; x_wconf 88' lang='lat' dir='ltr'><strong>tanta</strong></span> <span class='ocrx_word' id='word_1_140' title='bbox 794 3081 877 3156; x_wconf 79' lang='lat' dir='ltr'><strong>ergo</strong></span> <span class='ocrx_word' id='word_1_141' title='bbox 894 3059 1063 3134; x_wconf 81' lang='lat' dir='ltr'><strong>felicitate</strong></span> <span class='ocrx_word' id='word_1_142' title='bbox 1086 3059 1267 3151; x_wconf 78' lang='lat' dir='ltr'><strong>viventes,</strong></span> <span class='ocrx_word' id='word_1_143' title='bbox 1293 3085 1363 3134; x_wconf 84' lang='lat' dir='ltr'><strong>nse</strong></span> <span class='ocrx_word' id='word_1_144' title='bbox 1379 3059 1541 3134; x_wconf 83' lang='lat' dir='ltr'><strong>laborant</strong></span> 
     </span>
     <span class='ocr_line' id='line_1_23' title="bbox 517 3179 1543 3280; baseline -0.001 -27"><span class='ocrx_word' id='word_1_145' title='bbox 517 3179 635 3280; x_wconf 82' lang='lat' dir='ltr'><strong>aliqua</strong></span> <span class='ocrx_word' id='word_1_146' title='bbox 649 3179 855 3254; x_wconf 84' lang='lat' dir='ltr'><strong>infirmitate</strong></span> <span class='ocrx_word' id='word_1_147' title='bbox 877 3198 940 3254; x_wconf 86' lang='lat' dir='ltr'><strong>aut</strong></span> <span class='ocrx_word' id='word_1_148' title='bbox 970 3181 1191 3278; x_wconf 82' lang='lat' dir='ltr'><strong>aegritudine</strong></span> <span class='ocrx_word' id='word_1_149' title='bbox 1212 3197 1411 3278; x_wconf 59' lang='lat' dir='ltr'><strong>remotum</strong></span> <span class='ocrx_word' id='word_1_150' title='bbox 1428 3179 1543 3254; x_wconf 87' lang='lat' dir='ltr'><strong>solum</strong></span> 
     </span>
    </p>
   </div>
   <div class='ocr_carea' id='block_1_6' title="bbox 522 3401 1534 4082">
    <p class='ocr_par' dir='ltr' id='par_1_8' title="bbox 522 3401 1534 3738">
     <span class='ocr_line' id='line_1_24' title="bbox 597 3401 1531 3476; baseline -0.001 -20"><span class='ocrx_word' id='word_1_151' title='bbox 597 3401 644 3472; x_wconf 85' lang='lat' dir='ltr'><strong>(r)</strong></span> <span class='ocrx_word' id='word_1_152' title='bbox 664 3401 733 3456; x_wconf 81' lang='lat' dir='ltr'><strong>ilinc</strong></span> <span class='ocrx_word' id='word_1_153' title='bbox 753 3401 848 3474; x_wconf 86' lang='lat' dir='ltr'><strong>incipit</strong></span> <span class='ocrx_word' id='word_1_154' title='bbox 866 3419 973 3471; x_wconf 59' lang='lat' dir='ltr'><strong>pascus</strong></span> <span class='ocrx_word' id='word_1_155' title='bbox 990 3404 1144 3476; x_wconf 84' lang='lat' dir='ltr'><strong>latinusque</strong></span> <span class='ocrx_word' id='word_1_156' title='bbox 1157 3415 1245 3458; x_wconf 84' lang='lat' dir='ltr'><strong>textus</strong></span> <span class='ocrx_word' id='word_1_157' title='bbox 1259 3421 1274 3456; x_wconf 85' lang='lat' dir='ltr'><strong>a</strong></span> <span class='ocrx_word' id='word_1_158' title='bbox 1289 3403 1454 3458; x_wconf 80' lang='lat' dir='ltr'><strong>Gothoiredo</strong></span> <span class='ocrx_word' id='word_1_159' title='bbox 1468 3403 1531 3457; x_wconf 90' lang='lat' dir='ltr'><strong>edi-</strong></span> 
     </span>
     <span class='ocr_line' id='line_1_25' title="bbox 525 3487 1534 3559; baseline -0.002 -16"><span class='ocrx_word' id='word_1_160' title='bbox 525 3501 586 3554; x_wconf 78' lang='lat' dir='ltr'><strong>tus3</strong></span> <span class='ocrx_word' id='word_1_161' title='bbox 604 3505 710 3556; x_wconf 71' lang='lat' dir='ltr'><strong>graecus</strong></span> <span class='ocrx_word' id='word_1_162' title='bbox 728 3487 852 3558; x_wconf 80' lang='lat' dir='ltr'><strong>quidun,</strong></span> <span class='ocrx_word' id='word_1_163' title='bbox 873 3501 904 3544; x_wconf 88' lang='lat' dir='ltr'><strong>ut</strong></span> <span class='ocrx_word' id='word_1_164' title='bbox 922 3489 1048 3548; x_wconf 78' lang='lat' dir='ltr'><strong>videtur.</strong></span> <span class='ocrx_word' id='word_1_165' title='bbox 1064 3491 1201 3559; x_wconf 77' lang='lat' dir='ltr'><strong>originalis</strong></span> <span class='ocrx_word' id='word_1_166' title='bbox 1217 3509 1227 3552; x_wconf 74' lang='lat' dir='ltr'><strong>a</strong></span> <span class='ocrx_word' id='word_1_167' title='bbox 1241 3489 1327 3542; x_wconf 76' lang='lat' dir='ltr'><strong>iatine</strong></span> <span class='ocrx_word' id='word_1_168' title='bbox 1344 3501 1431 3543; x_wconf 82' lang='lat' dir='ltr'><strong>autern</strong></span> <span class='ocrx_word' id='word_1_169' title='bbox 1447 3487 1534 3542; x_wconf 85' lang='lat' dir='ltr'><strong>inter·</strong></span> 
     </span>
     <span class='ocr_line' id='line_1_26' title="bbox 522 3575 1533 3650; baseline 0 -20"><span class='ocrx_word' id='word_1_170' title='bbox 522 3577 641 3649; x_wconf 82' lang='lat' dir='ltr'><strong>pretatio</strong></span> <span class='ocrx_word' id='word_1_171' title='bbox 655 3587 712 3631; x_wconf 84' lang='lat' dir='ltr'><strong>tam</strong></span> <span class='ocrx_word' id='word_1_172' title='bbox 727 3575 842 3630; x_wconf 80' lang='lat' dir='ltr'><strong>barbara</strong></span> <span class='ocrx_word' id='word_1_173' title='bbox 857 3613 864 3635; x_wconf 87' lang='lat'>‚</span> <span class='ocrx_word' id='word_1_174' title='bbox 884 3590 938 3634; x_wconf 85' lang='lat' dir='ltr'><strong>tarn</strong></span> <span class='ocrx_word' id='word_1_175' title='bbox 955 3591 1096 3650; x_wconf 80' lang='lat' dir='ltr'><strong>corrupta,</strong></span> <span class='ocrx_word' id='word_1_176' title='bbox 1111 3591 1220 3649; x_wconf 81' lang='lat' dir='ltr'><strong>tamque</strong></span> <span class='ocrx_word' id='word_1_177' title='bbox 1235 3577 1269 3630; x_wconf 88' lang='lat' dir='ltr'><strong>ah</strong></span> <span class='ocrx_word' id='word_1_178' title='bbox 1286 3579 1337 3633; x_wconf 90' lang='lat' dir='ltr'><strong>hoc</strong></span> <span class='ocrx_word' id='word_1_179' title='bbox 1348 3589 1438 3632; x_wconf 82' lang='lat' dir='ltr'><strong>nostro</strong></span> <span class='ocrx_word' id='word_1_180' title='bbox 1456 3587 1533 3632; x_wconf 82' lang='lat' dir='ltr'><strong>textu</strong></span> 
     </span>
     <span class='ocr_line' id='line_1_27' title="bbox 525 3665 1151 3738; baseline -0.003 -20"><span class='ocrx_word' id='word_1_181' title='bbox 525 3665 653 3725; x_wconf 82' lang='lat' dir='ltr'><strong>diversa.</strong></span> <span class='ocrx_word' id='word_1_182' title='bbox 672 3676 704 3718; x_wconf 87' lang='lat' dir='ltr'><strong>ut</strong></span> <span class='ocrx_word' id='word_1_183' title='bbox 722 3665 790 3717; x_wconf 88' lang='lat' dir='ltr'><strong>nihii</strong></span> <span class='ocrx_word' id='word_1_184' title='bbox 809 3665 966 3720; x_wconf 82' lang='lat' dir='ltr'><strong>dissimilius</strong></span> <span class='ocrx_word' id='word_1_185' title='bbox 980 3683 1037 3722; x_wconf 83' lang='lat' dir='ltr'><strong>esse</strong></span> <span class='ocrx_word' id='word_1_186' title='bbox 1057 3670 1151 3738; x_wconf 87' lang='lat' dir='ltr'><strong>possit.</strong></span> 
     </span>
    </p>

    <p class='ocr_par' dir='ltr' id='par_1_9' title="bbox 525 3751 1534 4082">
     <span class='ocr_line' id='line_1_28' title="bbox 597 3751 1532 3822; baseline -0.006 -16"><span class='ocrx_word' id='word_1_187' title='bbox 597 3751 642 3821; x_wconf 82' lang='lat' dir='ltr'><strong>(a)</strong></span> <span class='ocrx_word' id='word_1_188' title='bbox 660 3751 778 3822; x_wconf 79' lang='lat' dir='ltr'><strong>Respicit</strong></span> <span class='ocrx_word' id='word_1_189' title='bbox 797 3751 939 3805; x_wconf 79' lang='lat' dir='ltr'><strong>iterumad</strong></span> <span class='ocrx_word' id='word_1_190' title='bbox 957 3771 1031 3806; x_wconf 84' lang='lat' dir='ltr'><strong>sacra</strong></span> <span class='ocrx_word' id='word_1_191' title='bbox 1048 3752 1134 3805; x_wconf 76' lang='lat' dir='ltr'><strong>biblia</strong></span> <span class='ocrx_word' id='word_1_192' title='bbox 1145 3761 1346 3822; x_wconf 79' lang='lat' dir='ltr'><strong>nosterauctsr.</strong></span> <span class='ocrx_word' id='word_1_193' title='bbox 1358 3751 1425 3804; x_wconf 79' lang='lat' dir='ltr'><strong>Nam</strong></span> <span class='ocrx_word' id='word_1_194' title='bbox 1445 3769 1532 3820; x_wconf 74' lang='lat' dir='ltr'><strong>genes.</strong></span> 
     </span>
     <span class='ocr_line' id='line_1_29' title="bbox 525 3837 1533 3910; baseline 0.004 -20"><span class='ocrx_word' id='word_1_195' title='bbox 525 3855 582 3908; x_wconf 82' lang='lat' dir='ltr'><strong>erp.</strong></span> <span class='ocrx_word' id='word_1_196' title='bbox 598 3838 636 3890; x_wconf 87' lang='lat' dir='ltr'><strong>li·</strong></span> <span class='ocrx_word' id='word_1_197' title='bbox 651 3855 691 3894; x_wconf 83' lang='lat' dir='ltr'><strong>ra·</strong></span> <span class='ocrx_word' id='word_1_198' title='bbox 702 3837 750 3890; x_wconf 91' lang='lat' dir='ltr'><strong>ubi</strong></span> <span class='ocrx_word' id='word_1_199' title='bbox 766 3839 799 3892; x_wconf 91' lang='lat' dir='ltr'><strong>de</strong></span> <span class='ocrx_word' id='word_1_200' title='bbox 818 3839 871 3892; x_wconf 83' lang='lat' dir='ltr'><strong>iilis</strong></span> <span class='ocrx_word' id='word_1_201' title='bbox 890 3853 1008 3910; x_wconf 77' lang='lat' dir='ltr'><strong>quatuor</strong></span> <span class='ocrx_word' id='word_1_202' title='bbox 1024 3839 1179 3892; x_wconf 80' lang='lat' dir='ltr'><strong>fluminibus</strong></span> <span class='ocrx_word' id='word_1_203' title='bbox 1198 3841 1275 3894; x_wconf 85' lang='lat' dir='ltr'><strong>etde</strong></span> <span class='ocrx_word' id='word_1_204' title='bbox 1295 3840 1368 3892; x_wconf 84' lang='lat' dir='ltr'><strong>Eden</strong></span> <span class='ocrx_word' id='word_1_205' title='bbox 1381 3857 1465 3893; x_wconf 84' lang='lat' dir='ltr'><strong>sermo</strong></span> <span class='ocrx_word' id='word_1_206' title='bbox 1475 3850 1533 3895; x_wconf 74' lang='lat' dir='ltr'><strong>est,</strong></span> 
     </span>
     <span class='ocr_line' id='line_1_30' title="bbox 526 3923 1534 3996; baseline 0.003 -22"><span class='ocrx_word' id='word_1_207' title='bbox 526 3923 642 3978; x_wconf 85' lang='lat' dir='ltr'><strong>dieitur=</strong></span> <span class='ocrx_word' id='word_1_208' title='bbox 656 3937 684 3976; x_wconf 85' lang='lat' dir='ltr'><strong>et</strong></span> <span class='ocrx_word' id='word_1_209' title='bbox 702 3941 803 3976; x_wconf 80' lang='lat' dir='ltr'><strong>aurum</strong></span> <span class='ocrx_word' id='word_1_210' title='bbox 823 3935 915 3978; x_wconf 82' lang='lat' dir='ltr'><strong>terroe</strong></span> <span class='ocrx_word' id='word_1_211' title='bbox 927 3929 1008 3980; x_wconf 80' lang='lat' dir='ltr'><strong>iilius</strong></span> <span class='ocrx_word' id='word_1_212' title='bbox 1026 3931 1156 3996; x_wconf 75' lang='lat' dir='ltr'><strong>optimum</strong></span> <span class='ocrx_word' id='word_1_213' title='bbox 1175 3929 1281 3993; x_wconf 79' lang='lat' dir='ltr'><strong>sst3s&#39;bi</strong></span> <span class='ocrx_word' id='word_1_214' title='bbox 1300 3929 1447 3979; x_wconf 58' lang='lat' dir='ltr'><strong>turconicus·</strong></span> <span class='ocrx_word' id='word_1_215' title='bbox 1458 3928 1534 3978; x_wconf 78' lang='lat' dir='ltr'><strong>odet-</strong></span> 
     </span>
     <span class='ocr_line' id='line_1_31' title="bbox 527 4010 914 4082; baseline 0.003 -20"><span class='ocrx_word' id='word_1_216' title='bbox 527 4011 595 4062; x_wconf 80' lang='lat' dir='ltr'><strong>h&#39;um</strong></span> <span class='ocrx_word' id='word_1_217' title='bbox 616 4022 643 4063; x_wconf 81' lang='lat' dir='ltr'><strong>et</strong></span> <span class='ocrx_word' id='word_1_218' title='bbox 662 4013 735 4082; x_wconf 77' lang='lat' dir='ltr'><strong>iupis</strong></span> <span class='ocrx_word' id='word_1_219' title='bbox 752 4010 914 4076; x_wconf 71' lang='lat' dir='ltr'><strong>onychinas.</strong></span> 
     </span>
    </p>
   </div>
   <div class='ocr_carea' id='block_1_7' title="bbox 0 0 1858 5332">
    <p class='ocr_par' dir='ltr' id='par_1_10' title="bbox 0 0 1858 5332">
     <span class='ocr_line' id='line_1_32' title="bbox 0 0 1858 5332; baseline 0 0"><span class='ocrx_word' id='word_1_220' title='bbox 0 0 1858 5332; x_wconf 95' lang='lat' dir='ltr'><strong> </strong></span> 
     </span>
    </p>
   </div>
  </div>
 </body>
</html>
