3630 5334
593 631 803 706 FABULAE
827 635 994 709 NOVAE·
1222 635 1286 702 28⁵

306 805 532 875 Comnendae
553 803 722 896 ‹fficinam
735 801 867 891 fitllaci
882 802 993 871 Dolo,

302 917 349 983 In
375 914 590 1007 disciplinam
609 937 716 1002 nuper
737 937 834 1005 quem
848 932 1032 1005 receperat.

303 1025 372 1092 Hie
398 1025 509 1092 studio
528 1047 687 1090 aecemus
700 1021 819 1112 ‚faeie
840 1023 1058 1091 simulacrum
1073 1028 1185 1114 pari,

307 1136 382 1205 Una
398 1151 555 1219 statura,
570 1133 682 1202 simile
699 1151 734 1201 et
746 1134 904 1202 membris
922 1134 1094 1219 omnibus,

304 1241 399 1310 Dum
418 1261 546 1335 tempus
562 1244 701 1330 hahuit,
715 1242 845 1312 callida
855 1243 973 1335 finxit
991 1269 1106 1314 nunu.

308 1353 410 1446 Quod
428 1358 625 1444 propalam
647 1369 752 1422 totum
780 1357 866 1422 mire
890 1379 989 1446 quum
1006 1361 1153 1446 positum
1163 1357 1283 1446 foret,

304 1463 427 1532 lutum
446 1465 497 1532 ad
510 1465 697 1556 faciendos
723 1464 779 1532 illi
801 1467 924 1556 defecit
944 1468 1060 1560 pedas-

303 1574 411 1644 Iiedit
428 1578 612 1664 magister,
638 1597 701 1666 quo
710 1578 904 1662 festinante
923 1574 1035 1644 Dolus

303 1686 397 1751 Metu
420 1681 574 1752 turbatus
604 1683 642 1748 in
654 1707 714 1751 suo
744 1684 832 1752 sedit
853 1684 940 1750 loco.

304 1794 444 1862 Mirans
463 1792 687 1860 Prometheus
702 1807 835 1860 tantam
856 1793 1134 1879 similitudinem,

304 1905 475 1994 Propriae
486 1904 595 1973 videri
609 1901 716 1971 voluit
739 1907 827 1969 artis
841 1903 1005 1994 gloriam.

305 2014 423 2107 igitur
437 2015 583 2101 semaei
602 2016 738 2101 pariter
756 2011 823 2080 duo
841 2015 940 2104 signa
960 2015 1098 2098 intulit3

310 2124 438 2216 Quibus
452 2127 637 2213 percoctis,
662 2139 764 2213 atque
783 2123 894 2209 t'tffuso
918 2127 1065 2213 spiritu,

304 2233 456 2303 Modesto
466 2257 585 2323 gressu
597 2249 716 2299 sancta
735 2236 872 2300 incessit
896 2237 1045 2314 veritas3

309 2341 363 2412 At
388 2361 508 2412 manca
533 2345 657 2432 speeies
682 2341 795 2410 lsaesit
808 2346 847 2409 in
870 2346 1021 2434 vestigio·

313 2454 507 2543 Tuncfislsa
528 2458 641 2545 imago
667 2469 767 2545 alque
789 2459 901 2546 operis
904 2457 1034 2544 fitrtivi
1058 2454 1158 2522 labor

308 2564 524 2631 Mendacium
545 2562 756 2655 appellatum
781 2581 854 2644 θείς
880 2566 969 2655 quod
988 2565 1187 2655 negantibus

310 2672 424 2740 Pedes
450 2671 592 2756 habere,
605 2671 720 2760 facile
739 2675 811 2762 ipse
828 2677 1006 2741 consentio.

605 2801 649 2868 K
696 2817 967 2871 Aocron

633 2925 713 2980 Nihil
731 2927 782 2980 diu
797 2931 944 2982 occultans·

309 3035 481 3106 &mulcta
508 3037 677 3105 interdum
703 3042 787 3108 vitia
804 3060 949 3134 prosunt
970 3043 1173 3113 hominibus,

308 3143 379 3214 Sed
391 3163 537 3236 tempore
562 3149 634 3236 ipso
657 3165 772 3219 tomen
797 3170 942 3241 apparet
959 3157 1083 3222 veritus
1098 3159 1157 3237 (ι).

609 3276 673 3344 VI.
722 3295 751 3345 A
774 3298 798 3346 o
821 3299 843 3348 c
866 3299 890 3345 r
912 3300 936 3346 o
959 3303 993 3351 n.

494 3385 607 3436 Sensum
624 3386 827 3439 aestimandum
848 3407 906 3441 esse
926 3408 981 3442 non
999 3393 1091 3445 verba.

351 3469 460 3541 Ixion
480 3477 572 3566 quod
588 3483 718 3545 versari
740 3497 904 3548 narratur
926 3500 1024 3568 rota,

339 3605 381 3680 (ι)
400 3611 456 3662 Hoc
475 3629 533 3664 esse
552 3613 726 3684 epimytlsium
745 3615 924 3670 desideratae
933 3621 1071 3692 salsulae.
1088 3645 1164 3679 nemo
1183 3647 1237 3682 non
1246 3649 1299 3702 pu-

303 3697 382 3748 tutte.
402 3697 483 3761 Quod
501 3701 527 3751 si
544 3703 695 3758 Perottus.
714 3715 746 3754 ut
757 3706 892 3758 nonnulli
902 3719 1017 3768 rentur,
1028 3711 1199 3786 lsasfitbulas
1212 3731 1299 3772 marte

298 3783 409 3851 proprio
423 3787 612 3854 componebat,
630 3805 683 3840 cur
695 3787 767 3842 leone
777 3789 908 3844 lacunam
918 3794 1055 3864 jecisset?
1076 3801 1197 3856 Videtur
1208 3807 1301 3876 igitur

300 3885 335 3918 ex
352 3871 470 3941 antiquo
489 3871 583 3927 codice
601 3877 644 3926 ita
663 3887 696 3927 ut
715 3893 759 3930 nes
777 3891 841 3930 erat
859 3879 1047 3954 descripsisse·
1067 3887 1129 3960 Ego
1148 3901 1238 3944 tamen
1257 3893 1302 3946 di-

304 3977 390 4012 cerem
408 3960 458 4014 luoc
477 3981 534 4014 esse
553 3965 727 4032 epimytlsium
745 3971 858 4032 fitbulae
878 3975 933 4029 W.
953 3977 1009 4027 nisi
1027 3980 1058 4028 in
1077 3981 1170 4034 codice
1187 3989 1302 4054 potoni-

301 4049 409 4102 naalia
429 4053 553 4102 carmina
575 4055 713 4122 complura
724 4057 851 4127 fluissent
871 4063 1046 4130 interposita.
1198 4076 1202 4082 '
