3630 5338
605 637 816 711 FABULAE
839 635 1010 713 Nom·
1236 663 1297 732 ²9¹

310 810 350 879 A
365 835 429 904 quo
453 810 572 880 revelli
588 809 683 882 nullo
709 837 783 880 cum
800 828 914 903 posset
930 811 1054 897 modo,

310 925 359 990 Et
381 927 419 990 in
441 921 617 1012 sepulchro
640 925 745 991 vitam
766 921 884 1014 lugens
911 922 1065 1014 degeret,

311 1031 460 1100 Claram
491 1046 673 1122 assequuta
699 1046 750 1098 cst
761 1031 899 1112 flumem
921 1047 1035 1098 castae
1055 1032 1206 1121 uirginis.

308 1141 450 1209 Interea
460 1144 589 1228 ficuum
613 1145 672 1233 qui
695 1141 923 1231 compilarant
953 1140 1073 1225 Iovis,

312 1246 416 1316 Cruci
445 1251 560 1344 suffim
585 1249 722 1320 luerunt
742 1275 873 1341 poenas
890 1253 1034 1318 numini.

309 1355 442 1426 Horum
468 1360 632 1452 reliquias
654 1384 698 1427 ne
714 1362 790 1450 quis
807 1375 921 1449 posset
934 1359 1071 1428 tolleres

316 1466 482 1539 Custodes
503 1471 632 1540 dontm
650 1471 775 1539 milites
802 1473 1031 1557 cadaverum,

312 1581 565 1654 Monumentum
592 1587 713 1670 iucto,
735 1583 938 1676 mulierque
968 1608 1004 1651 sc
1021 1583 1220 1654 incluserat.

312 1686 514 1784 Aliquando
537 1697 654 1762 sitiens
679 1701 764 1761 unius
782 1693 827 1762 de
845 1693 1062 1779 custodibus,

311 1797 452 1894 Aquam
477 1809 611 1896 rogavit
638 1807 752 1874 media
770 1821 866 1872 nocte
888 1803 1112 1890 ancillulam,

313 1909 410 2001 Quae
427 1912 528 1997 fitrte
549 1914 709 1983 dominae
735 1929 812 1984 tunc
834 1912 1021 1981 adsistebat
1038 1938 1120 1981 suoe

311 2017 506 2088 Dormitum
533 2028 629 2091 cunti
639 2075 650 2110 ,
678 2047 824 2115 namque
845 2021 1100 2106 lucubraverat,

309 2126 359 2194 Et
379 2154 482 2222 usque
502 2133 539 2198 in
555 2157 665 2200 serum
686 2132 823 2225 uigilias
837 2131 1063 2222 perduxerat·

309 2237 459 2308 Paulum
477 2241 615 2309 reclusis
620 2243 760 2329 firribus
779 2243 876 2313 miles
890 2246 1078 2334 prospicit,

313 2346 479 2440 Videtque
499 2373 666 2441 aegram,
699 2367 731 2418 et
739 2352 839 2439 jacie
855 2351 1000 2442 pulchra
1010 2353 1184 2438 fleminam.

314 2457 500 2549 Corruptus
523 2465 658 2530 animus
676 2459 768 2530 illico
784 2462 1014 2545 succenditur,

315 2561 492 2655 Uriturque
515 2568 637 2631 sensim
656 2564 858 2656 impudentis
879 2567 1056 2657 cupiditas.

313 2671 429 2742 Solers
455 2698 594 2743 acumen
617 2675 710 2742 mille
732 2701 852 2744 causas
875 2681 1027 2762 invenit,

310 2783 384 2849 Per
399 2807 484 2871 quas
518 2784 632 2850 videre
653 2803 767 2874 posset
789 2810 863 2853 eum
890 2785 936 2875 (a)
951 2791 1091 2875 saepius.

317 2891 529 2982 Quotidiano
555 2911 656 2984 capta
690 2894 943 2978 consuetudine,

310 3000 489 3070 Paulatim
498 3005 601 3091 facta
634 3021 685 3072 cst
706 3003 858 3074 dvenae
881 3007 1107 3084 summissiorz

310 3111 400 3179 Mox
420 3115 567 3180 arctiore
578 3116 692 3180 vinccit
711 3117 864 3180 animum
885 3113 1015 3203 copulo.

311 3220 382 3288 Hic
406 3218 486 3286 άιυιι
510 3225 673 3289 consumit
698 3237 810 3288 noctes
835 3238 942 3288 custos
972 3222 1145 3312 diligens,

312 3329 552 3399 Desideratum
578 3347 629 3400 cst
653 3356 772 3422 corpus
789 3356 837 3398 ex
853 3355 922 3396 uno
944 3357 1051 3399 cruce.

315 3443 485 3511 Turbatus
505 3445 602 3512 miles
613 3446 751 3532 foetum
770 3445 912 3533 exponit
938 3440 1082 3509 mulieri.

311 3545 365 3613 At
386 3563 507 3615 sancta
531 3546 678 3614 mulier:
704 3571 773 3613 non
798 3563 847 3613 est
868 3546 958 3636 quod
981 3549 1126 3629 timeas,
1147 3547 1225 3630 ait,

314 3655 456 3746 Virique
474 3680 592 3746 eorpus
620 3656 728 3724 tradit
737 3655 918 3747 figendum
937 3660 1052 3740 cruci,

310 3763 366 3830 Ne
385 3765 501 3834 subeat
530 3765 589 3832 ille
601 3791 730 3856 poenas
752 3765 990 3858 negligentiae.

314 3871 372 3939 Sic
390 3873 556 3965 turpitudo
578 3875 691 3944 laudis
715 3878 844 3946 obsedit
868 3875 990 3942 locum·

327 4035 364 4100 (t)
381 4039 488 4101 Uterque
500 4043 576 4088 codex
591 4045 660 4090 vitto·

980 4123 1000 4164 st

901 4153 950 4234 19
