3638 5332
512 627 592 719 4¹⁰

574 809 990 890 DEMONSTRATIO
1017 807 1420 894 PROVINCIARUM

630 1036 674 1084 nn
698 1033 926 1096 tunourssmo
955 1033 1074 1080 comcs
1102 1033 1274 1090 exossam
1304 1017 1315 1113 (
1324 1017 1358 1114 1)

546 1336 560 1381 r
593 1217 721 1382 Indis
736 1305 885 1380 ulterior
899 1305 1026 1378 finitur
1041 1307 1084 1378 ab
1099 1307 1235 1384 oriente
1251 1337 1383 1384 oceano
1392 1335 1454 1383 eoo
1463 1309 1510 1409 (a)

488 1429 531 1502 ah
565 1427 750 1502 occidente
786 1426 934 1500 flumine
966 1423 1095 1502 Sintho
1129 1430 1218 1529 (2),
1255 1458 1274 1504 a
1305 1427 1513 1532 septentrio-

487 1573 533 1620 ne
554 1560 674 1618 monte
699 1540 847 1632 Tauro,
876 1545 1058 1618 ameridie
1081 1575 1214 1621 oceano
1241 1549 1380 1624 serico:
1409 1545 1513 1621 cuius

490 1665 601 1768 spatia
629 1665 761 1738 habent
787 1666 825 1738 in
858 1664 1048 1740 latitudine
1085 1667 1182 1742 milia
1212 1664 1382 1769 passuum
1406 1665 1515 1742 IVM·

491 1779 623 1858 XXX·
652 1802 689 1858 et
716 1781 878 1874 ·CCC·‚
913 1784 950 1856 in
978 1783 1168 1860 latitudine
1195 1785 1318 1861 xlm·
1355 1804 1392 1860 et
1427 1782 1516 1860 ·CC·

489 1903 629 2003 Ganges
657 1905 794 1980 flumen
817 1901 868 1978 ibi
892 1922 946 1979 est
971 1962 981 1995 ,
1009 1922 1045 1978 et
1066 1907 1162 2004 regio
1189 1909 1252 1981 uhi
1276 1899 1380 2008 piper
1400 1904 1516 1981 nasei-

489 2044 574 2116 tur,
603 2043 640 2100 et
660 2024 868 2126 elephanti,
895 2026 1069 2099 dracones
1090 2084 1099 2116 ,
1123 2027 1325 2128 sphynges‚
1350 2025 1488 2128 pittaci

544 2173 565 2222 2
593 2145 720 2222 Media
748 2143 928 2238 ,Parthia
954 2203 964 2236 ‚
985 2145 1151 2248 Appiana
1174 2205 1184 2238 ,
1208 2146 1378 2222 Carmina
1402 2203 1411 2236 ,
1431 2145 1517 2220 Per-

492 2266 569 2357 sis,
595 2267 776 2340 finiuntur
805 2267 847 2340 ab
874 2267 1010 2340 oriente
1032 2267 1179 2340 flumine
1203 2265 1332 2341 Sintho
1358 2325 1368 2356 ‚
1396 2265 1439 2339 ab
1460 2292 1518 2340 oc-

492 2386 632 2460 cidente
655 2385 917 2488 Mesopotamia
940 2444 950 2476 ‚
978 2415 997 2459 a
1021 2387 1261 2486 septentrione
1282 2405 1401 2460 monte
1422 2384 1517 2459 Tau·

493 2535 531 2580 ro
549 2535 594 2596 ,a
615 2506 763 2580 meridie
785 2507 875 2579 mari
897 2506 1062 2606 persico:
1082 2533 1237 2608 quarum
1258 2507 1369 2608 spatia
1388 2505 1519 2579 habent

495 2629 532 2698 in
553 2625 775 2724 longitudine
800 2625 899 2698 milia
920 2625 1178 2727 passuumXi·
1192 2641 1228 2698 et
1249 2622 1448 2700 CCC-XX
1462 2623 1518 2716 ,in

490 2745 679 2820 latitudine
703 2744 801 2820 milia
823 2773 996 2846 passuum
1013 2744 1232 2822 DCCCXI·

548 2865 569 2937 3
597 2863 858 2965 Mesopotamia
887 2862 1014 2937 finitur
1042 2865 1085 2938 ab
1118 2865 1251 2938 oriente
1285 2864 1433 2938 flumine
1459 2860 1520 2936 Ti-

493 2983 547 3082 gri
565 3039 575 3072 ,
599 2984 642 3057 ab
661 2983 849 3058 occidente
863 2983 1012 3058 flumine
1026 2981 1231 3086 Euphrate,
1248 3011 1267 3058 a
1282 2983 1519 3084 septentrione

494 3118 613 3177 monte
629 3101 752 3179 Tauro
769 3161 780 3196 ,
796 3133 816 3179 a
830 3104 979 3178 meridie
1000 3104 1091 3178 mari
1105 3104 1243 3204 persico
1259 3133 1269 3180 t
1283 3104 1388 3178 euius
1409 3101 1520 3203 spatia

492 3225 623 3298 habent
646 3225 684 3299 in
704 3225 931 3326 longitudine
952 3225 1049 3298 milia
1071 3249 1241 3326 passuum
1257 3219 1418 3297 DCCC·

546 3349 572 3440 4
599 3343 703 3445 Syria
721 3347 849 3420 finitur
870 3346 913 3420 ab
933 3345 1070 3420 oriente
1084 3343 1232 3418 flumine
1245 3339 1428 3444 Euphrate
1446 3396 1457 3431 ,
1477 3341 1520 3414 ab

495 3464 680 3538 occidente
706 3465 795 3538 mari
826 3465 1016 3565 aegyptio,
1038 3490 1057 3536 a
1088 3460 1327 3562 septentrione
1351 3458 1446 3560 quod
1469 3457 1520 3530 in-

375 3639 378 3644 ·
495 3601 549 3658 ter
579 3583 740 3685 Cyprum
768 3603 804 3659 et
833 3583 975 3685 Syriam
995 3601 1049 3658 est
1076 3582 1166 3657 mari
1188 3637 1199 3672 ‚
1220 3609 1240 3656 a
1265 3580 1412 3654 meridie
1432 3576 1521 3652 Ara·

560 3749 600 3814 (ι)
618 3755 762 3812 eodmgoa·

576 3872 620 3946 (ι)
640 3871 803 3944 opusculum
821 3869 872 3923 hoc
891 3849 1079 3924 commemorat
1096 3868 1245 3923 Bmdinius
1267 3868 1296 3920 in
1320 3865 1439 3936 eutelogo
1463 3879 1510 3917 ro-

505 3961 596 4036 utrum
614 3957 794 4014 bibliothecae
812 3957 998 4012 laurentianus
1016 3957 1051 4010 Τ.
1063 3959 1111 4010 111·
1122 3955 1199 4010 lotio·
1211 3975 1240 4028 p·
1252 3951 1319 4013 333.

576 4045 623 4116 (a)
643 4044 710 4099 Indo
726 4045 828 4098 scilicet
845 4080 853 4103 .
868 4043 945 4098 euius
963 4063 1046 4099 unum
1065 4063 1097 4099 ex
1116 4043 1194 4100 ostiis
1213 4040 1339 4097 Sinthum
1359 4038 1508 4095 dicebatur·
