3638 5332
540 691 606 760 358

546 849 607 922 DE
630 839 845 932 tttnotns
869 835 1071 932 AttQtJOT
1095 837 1514 915 EPIGRAMMATIBUS·

508 1453 673 1572 Illustrium
693 1523 858 1562 romanorum
876 1505 962 1576 elogia
987 1507 1016 1560 in
1033 1505 1159 1562 vaticano
1179 1507 1271 1562 codiee
1289 1508 1360 1578 legi.
1379 1510 1553 1582 epigramma·

506 1603 581 1658 tibus
599 1598 787 1672 comprehensa
814 1595 893 1650 xxtt
909 1633 916 1655 .
934 1615 1005 1668 quae
1026 1615 1087 1650 eum
1105 1610 1215 1670 propter
1233 1605 1341 1670 poeseos
1362 1601 1506 1672 spiritum,
1524 1614 1552 1658 et

506 1695 688 1764 nescioquem
709 1688 872 1746 saeculorum
889 1689 1000 1744 colorem
1019 1727 1027 1751 .
1046 1691 1159 1745 classico
1183 1689 1250 1744 milti
1274 1703 1302 1746 et
1321 1704 1412 1747 vetera
1428 1694 1554 1748 videren-

505 1797 573 1850 turt
591 1803 651 1840 mox
671 1783 699 1838 in
718 1801 750 1836 ea
766 1781 893 1854 opinione
912 1783 1082 1838 confirmatus
1102 1801 1182 1842 sum.
1206 1783 1277 1838 lecta
1301 1785 1445 1838 Burmanni
1468 1786 1555 1840 latina

505 1875 659 1946 anthologia
678 1885 796 1932 veterum
820 1873 1040 1946 epigrammatum
1059 1911 1068 1932 ‚
1087 1873 1136 1928 ubi
1162 1891 1195 1928 ex
1216 1875 1258 1930 iris
1281 1880 1334 1950 tria
1356 1877 1473 1948 comperi
1491 1877 1553 1932 edi-

507 1982 560 2028 tu,
580 1981 666 2022 cetero
684 1987 747 2024 vero
768 1967 923 2022 desiderari.
942 1968 1042 2038 Nempe
1063 1977 1158 2021 extant
1180 1965 1228 2019 lib.
1239 1967 1277 2018 ll.
1293 1971 1339 2036 ἧι.
1353 1969 1387 2021 de
1408 1969 1552 2042 Scipionet

502 2061 546 2120 52.
561 2062 595 2115 de
614 2062 715 2114 Catone
733 2081 743 2126 5
766 2059 811 2116 63.
835 2059 868 2113 de
895 2059 964 2116 Iulio
986 2057 1120 2123 Caesare5
1145 2058 1260 2132 primurn
1281 2059 1391 2128 quidem
1412 2077 1428 2112 e
1447 2059 1554 2116 schedis

501 2153 630 2220 lleinsii3
646 2153 757 2207 alterum
772 2171 804 2204 ex
825 2151 917 2204 codice
934 2149 1037 2204 Aeneae
1052 2148 1150 2214 Silviir
1170 2147 1278 2202 tertium
1294 2165 1325 2202 ex
1341 2149 1453 2204 Pithueo
1471 2162 1555 2220 utque

501 2247 627 2302 Fabricio
643 2277 652 2294 ·
669 2247 776 2300 Praeter
803 2261 867 2298 vero
890 2244 1072 2296 Burmanuum
1093 2277 1101 2302 .
1131 2241 1260 2297 rumicen
1278 2251 1396 2296 veterum
1416 2249 1555 2314 potiturum

500 2343 622 2400 consului
640 2361 654 2396 s
674 2341 806 2410 Seuliguro
823 2339 919 2404 edita3
936 2337 1001 2392 item
1022 2347 1145 2404 euugesta
1164 2355 1180 2390 a
1197 2337 1308 2392 Pithoeo
1326 2335 1459 2408 poematia
1475 2347 1553 2392 sete-

502 2455 551 2502 ra;
565 2453 634 2507 quae
647 2434 716 2487 duae
734 2433 905 2488 collectiones
923 2431 1144 2504 epigrammutum
1164 2430 1322 2500 insigniores
1335 2441 1416 2486 suut:
1434 2430 1481 2484 sed
1493 2429 1554 2484 iru-

499 2540 556 2582 stra
575 2525 615 2577 lui
634 2542 644 2588 ς
663 2525 765 2578 nullum
787 2523 860 2576 enim
876 2541 909 2576 ex
935 2523 1068 2578 vaticanis
1098 2512 1358 2596 epigrammatibus.
1380 2534 1484 2594 praeter
1506 2521 1552 2574 illa

503 2619 577 2678 tria,
597 2617 759 2689 deprehendi
779 2633 834 2670 esse
851 2615 972 2682 vulgatu.
989 2614 1098 2669 Diutius
1117 2633 1179 2684 orgo
1196 2615 1382 2684 vestigandum
1399 2635 1454 2672 non
1477 2613 1551 2667 iudi-

503 2709 589 2767 cuui.
615 2710 772 2780 praesertim
792 2707 861 2778 quin
884 2706 1050 2775 diligentiam
1076 2705 1262 2778 infinitamque
1278 2707 1425 2761 Burmanni
1449 2724 1552 2760 memo-

499 2806 567 2856 riam
580 2801 650 2856 nihil
666 2801 796 2856 eiusmodi
820 2799 918 2872 ,quod
933 2799 1043 2871 quidem
1063 2799 1092 2854 iu
1114 2799 1248 2872 impressis
1271 2799 1348 2855 libris
1368 2808 1492 2856 extaret.
1509 2797 1553 2852 ei-

495 2894 594 2962 iugisse
616 2891 777 2966 sperabam·
798 2893 840 2946 Eu
860 2891 943 2962 igitur
962 2891 1118 2946 vaticanum
1137 2890 1306 2960 anthologiae
1333 2891 1434 2945 latinae
1456 2890 1546 2944 incre·

497 2996 638 3044 mentum,
657 2985 730 3056 quod
747 3003 795 3040 nos
819 2983 885 3038 alits
903 2984 1015 3040 fortasse
1043 2983 1246 3038 cumulabimus.
1263 2985 1342 3040 Nunc
1359 3001 1422 3040 vero
1437 2983 1473 3038 ab
1492 2985 1545 3039 hae

497 3076 619 3132 editione
630 3095 662 3132 ue
678 3078 730 3132 triu
752 3078 796 3132 illa
809 3077 919 3149 quidem
937 3075 1129 3148 epigrammata
1148 3076 1255 3146 cognitu
1274 3079 1370 3148 (quae
1385 3087 1449 3131 suut
1467 3077 1543 3148 apud

496 3187 545 3225 nos
566 3169 600 3222 x.
620 3170 696 3224 xtv.
715 3169 799 3240 XV.)
819 3169 911 3225 abesse
932 3169 1055 3224 volumus
1074 3203 1082 3226 ,
1102 3177 1158 3222 tum
1178 3167 1245 3238 quia
1266 3169 1383 3226 varietas
1402 3169 1546 3225 lectionum

494 3261 624 3316 nonnulla
644 3273 685 3318 est
706 3279 716 3324 ε
737 3273 795 3316 tum
815 3259 883 3333 quia
902 3259 1039 3328 incognita
1053 3259 1236 3314 testimouium
1252 3259 1448 3331 quodamnodo
1471 3263 1550 3318 meo-

496 3337 597 3426 euitis.
615 3371 727 3426 quorum
744 3354 773 3412 iu
785 3353 960 3412 contubernio
973 3364 1054 3412 tout.
1074 3351 1257 3428 suppeditant·
