3638 5332
510 617 580 704 ssa.

483 793 573 846 euitat
586 805 686 864 sssspss
697 791 826 864 ropstitnr
836 807 844 854 ς
853 803 880 845 et
890 793 979 862 qnod-

485 897 602 951 eamque
618 881 736 952 spatians
761 897 908 950 permeasse
933 879 977 930 vi-

486 967 564 1020 tietur
581 1003 588 1026 ‚
608 967 643 1020 sd
668 967 696 1020 irl
716 967 803 1039 ipsum
829 968 977 1022 ineundum

485 1056 596 1111 festinet
607 1093 615 1114 .
626 1067 658 1110 ot
672 1055 767 1110 iterum
782 1057 876 1109 vsdst.
886 1055 979 1108 Omnis

486 1144 557 1196 enim
574 1143 687 1196 circulus
699 1142 827 1214 quotiens
842 1143 870 1196 in
889 1141 980 1196 orbem

487 1241 604 1288 rotatur.
625 1231 653 1284 in
672 1249 699 1284 se
713 1232 769 1300 ipse
783 1229 942 1284 revolvitur.
956 1231 979 1282 A

487 1335 542 1388 quo
563 1337 617 1372 non
629 1319 750 1372 dissonat
766 1354 773 1374 .
792 1317 865 1387 quod
885 1317 913 1369 in
937 1319 981 1369 Sa·

488 1407 591 1460 lomone
614 1406 729 1472 legitur:
750 1423 847 1474 gyrans
861 1406 981 1474 gyrsodo

487 1493 566 1546 sulit
588 1493 700 1564 spiritus
720 1529 727 1550 .
749 1503 777 1546 et
802 1491 829 1544 in
850 1493 980 1546 circulum

488 1603 566 1638 suum
583 1583 736 1640 revertitur.

523 1693 558 1732 ao
585 1675 640 1730 Neo
672 1675 723 1728 ison
756 1673 978 1745 prsetereurstlmn

489 1763 562 1834 qumi
581 1762 621 1816 ait
644 1775 662 1798 ¹·
681 1773 794 1814 mentem
819 1761 978 1834 profundans

490 1853 625 1910 circuit‚.r
637 1851 770 1920 significat
784 1851 854 1904 enirn
867 1864 980 1906 ruentem

488 1937 591 1991 bomini
599 1937 732 1990 divinitus
747 1936 838 1990 datam
849 1937 912 1994 ,sod
926 1955 979 1990 cor·

488 2043 570 2098 porea
593 2001 764 2094 cogitationis
786 2025 852 2078 mole
872 2025 981 2096 depres-

490 2133 546 2170 sam
565 2127 593 2170 et
607 2115 780 2184 adgravatam
794 2152 801 2173 ‚
822 2125 854 2168 ut
869 2115 910 2168 sit
930 2114 978 2168 Ci-

490 2221 550 2258 aeso
566 2201 594 2256 in
612 2203 689 2256 libris
708 2203 742 2256 de
761 2221 788 2254 re
801 2201 908 2274 publica
919 2201 980 2275 (1)r

491 2307 509 2328 ⁸·
524 2293 609 2346 videri
625 2293 679 2348 sibi
694 2293 826 2348 bominem
846 2311 862 2344 a
883 2303 979 2344 astura

492 2399 545 2436 nors
554 2394 586 2436 ut
597 2393 704 2435 amatre
713 2419 720 2440 .
730 2381 777 2434 sed
793 2391 824 2432 ut
837 2397 852 2431 a
868 2397 981 2434 noverea

491 2485 660 2543 generatum,
680 2491 789 2546 corpore
809 2471 979 2538 nudosrapili

491 2573 519 2616 et
534 2563 662 2626 infirmor
683 2563 771 2614 animo
791 2571 878 2614 autern
899 2560 979 2614 anxio

492 2651 526 2704 ad
545 2651 680 2705 molestias
696 2685 703 2708 .
722 2649 816 2702 humili
841 2649 875 2700 sd
898 2649 979 2702 timo·

490 2757 550 2799 res.
571 2741 642 2794 molli
660 2740 694 2791 nd
714 2737 831 2796 labora,
847 2755 929 2808 proso
944 2740 979 2791 od

490 2831 633 2891 libidinosa
655 2827 682 2882 in
704 2827 804 2897 quibos
817 2841 885 2882 esset
906 2830 980 2884 volnt

491 2919 602 2974 obrutus
619 2915 730 2987 quidam
740 2915 847 2970 divinus
862 2918 931 2984 ignis
944 2918 981 2970 in·

491 3008 561 3078 genii
571 3015 598 3060 et
607 3005 709 3058 mentis.
718 3005 808 3062 „llaec
819 3006 846 3056 irr
860 3023 914 3076 quo
924 3025 982 3078 pro-

491 3096 575 3151 tundo
587 3113 659 3151 meos
674 3095 778 3167 posits.
798 3094 863 3148 dats
875 3095 928 3148 sibi
942 3097 982 3149 di·

491 3185 594 3242 sinitus
609 3183 709 3254 ingenii
729 3184 913 3257 profunditate
927 3185 982 3238 oir-

491 3287 656 3329 eomoontem
670 3293 698 3328 se
720 3276 859 3330 contrariis
878 3277 981 3332 duobos

491 3363 635 3420 itineribus
648 3364 712 3417 caeli
727 3365 867 3420 circuitum
877 3383 984 3438 perspe-

492 3451 551 3510 xit,
572 3451 705 3510 attendit,
724 3453 840 3507 numeris
858 3465 885 3508 et
904 3454 982 3508 intel-

492 3537 608 3607 legentia
622 3540 830 3610 comprehendit·
843 3543 880 3596 Ut
899 3543 982 3595 meri·

493 3635 523 3680 to
541 3625 673 3700 profunda
691 3627 818 3687 dicotur.
838 3645 907 3699 quae
924 3631 982 3685 sine

494 3713 625 3784 profundo
645 3716 805 3784 cogitatione
824 3719 889 3773 talis
910 3721 982 3776 iove·

538 3883 577 3946 (t)
593 3887 619 3928 lrr
640 3883 740 3930 editions
758 3903 806 3930 mss
832 3887 873 3932 lib.
891 3893 940 3933 stt·
961 3901 983 3936 t.

878 645 913 690 lli
934 643 1115 696 Nimium

1045 797 1144 868 stigtte
1162 821 1214 856 nors
1229 811 1327 876 potnit.
1342 809 1409 864 liam
1422 827 1536 886 utroque

1044 891 1123 946 modo
1150 911 1224 948 meus
1253 897 1368 954 humana
1402 903 1535 974 profunda

1044 979 1118 1034 dieta
1139 983 1254 1052 intellegi
1272 999 1379 1057 potest,
1397 1003 1453 1046 eta
1473 1014 1535 1066 pro-

1042 1067 1178 1123 funditate
1196 1089 1287 1128 sensus
1306 1088 1333 1128 st
1359 1079 1481 1146 ingenii,
1507 1096 1534 1139 et

1040 1158 1105 1226 quis
1127 1169 1231 1214 terrena
1259 1163 1459 1222 inhabitatione
1483 1173 1532 1225 de·

1039 1247 1165 1316 primitur
1188 1287 1196 1306 .
1218 1269 1276 1304 curn
1300 1269 1332 1306 ox
1358 1257 1430 1310 omni
1454 1271 1532 1331 parte

1039 1351 1143 1388 sursum
1161 1355 1175 1390 a
1192 1349 1263 1392 terra
1284 1343 1402 1410 aequalis
1416 1346 1453 1398 sit
1472 1347 1533 1400 nlti-

1039 1421 1107 1476 tudo
1122 1425 1156 1476 ad
1176 1427 1298 1486 caelum,
1318 1441 1346 1484 et
1360 1433 1433 1486 caelo
1454 1434 1532 1488 deor-

1037 1529 1095 1565 sum
1119 1515 1188 1567 oilrii
1202 1516 1361 1586 prolandius
1380 1522 1534 1578 noverimus

1039 1617 1120 1668 quam
1147 1612 1267 1656 terram.
1292 1608 1441 1662 Secundum
1464 1611 1535 1664 hanc

1039 1707 1101 1756 ergo
1126 1690 1242 1744 locorum
1268 1696 1427 1765 positionem
1447 1699 1533 1754 omnis

1041 1775 1157 1830 altitudo
1177 1779 1210 1831 od
1229 1782 1331 1834 caelum
1351 1819 1358 1840 .
1377 1785 1463 1839 omnis
1475 1805 1535 1858 pro·

1039 1858 1160 1914 funditas
1183 1863 1295 1917 refertur
1309 1869 1342 1918 ad
1366 1879 1484 1922 terram:
1503 1883 1531 1924 et

1041 1945 1140 2000 ideireo
1156 1947 1206 2001 hoe
1220 1950 1302 2017 magis
1320 1935 1532 2024 adpraesentent

1038 2051 1142 2086 sensum
1162 2037 1271 2090 videtur
1295 2041 1446 2112 respicere,
1466 2044 1534 2116 quis

1040 2131 1098 2173 tota
1114 2121 1157 2174 illa
1173 2125 1314 2195 utriusque
1332 2127 1404 2182 orbis
1425 2133 1533 2186 revolu-

1041 2207 1079 2262 tio
1090 2211 1298 2282 proinnditatem
1318 2225 1405 2268 terrae
1420 2217 1534 2272 circuire

1041 2298 1217 2364 cognoscitur·
1228 2301 1306 2354 Unde
1315 2304 1345 2356 fit
1355 2313 1386 2357 ut
1396 2304 1453 2374 ipsa
1463 2305 1534 2358 inso-

1040 2385 1169 2439 cassibilis
1197 2399 1225 2440 et
1244 2389 1378 2441 celerrima
1401 2403 1456 2444 tarn
1480 2393 1532 2444 ins·

1040 2489 1144 2526 mensae
1162 2475 1238 2528 molis
1252 2477 1370 2544 vertigo.
1381 2479 1530 2533 vehementi

1040 2571 1126 2612 trsctu
1144 2579 1192 2616 sno
1210 2564 1283 2616 selus
1295 2565 1411 2634 quodam
1427 2566 1528 2638 impetu

1040 2651 1127 2703 omnin
1145 2667 1232 2706 crassa
1252 2664 1277 2706 et
1297 2653 1388 2721 gravia
1406 2674 1438 2708 ex
1459 2659 1530 2712 omni

1040 2751 1115 2810 parts
1126 2741 1187 2794 ierri
1206 2752 1284 2810 cogat
1297 2741 1324 2793 in
1339 2752 1433 2796 terram
1445 2779 1452 2800 .
1462 2761 1533 2813 quae

1039 2831 1094 2884 solu
1117 2841 1206 2884 manet
1223 2831 1251 2884 in
1274 2833 1361 2885 medio
1390 2831 1532 2886 immobilis

1039 2919 1117 2990 quasi
1129 2929 1254 2972 centron.
1261 2919 1354 2973 Omnis
1364 2921 1432 2973 enim
1442 2920 1533 2992 spirae·

1040 3025 1068 3058 rs
1082 3005 1144 3058 dum
1157 3023 1241 3076 aequo
1251 3006 1390 3062 libramine
1404 3009 1529 3065 volvitur,

1044 3095 1153 3147 nihilist
1168 3111 1200 3148 ea
1217 3105 1257 3146 est
1273 3095 1406 3148 immobile
1424 3106 1530 3166 praeter

1042 3199 1169 3240 orntrorn.
1189 3186 1250 3256 ipss
1275 3197 1363 3239 autem
1384 3198 1455 3240 terra
1475 3203 1529 3240 non

1041 3287 1162 3330 movetur
1182 3313 1189 3334 ,
1209 3275 1275 3344 quio
1300 3291 1404 3328 necesse
1431 3285 1472 3328 est
1498 3285 1530 3326 ut

1042 3364 1112 3416 circa
1131 3363 1236 3434 aliquid
1260 3363 1394 3416 immobile
1415 3362 1528 3433 sphaere

1041 3463 1197 3504 moveatorr
1218 3451 1267 3520 qni
1293 3461 1381 3504 motus
1410 3451 1498 3503 omnia
1519 3487 1525 3506 .

1041 3553 1111 3606 quae
1127 3535 1269 3592 densita‘tis
1289 3537 1393 3607 aliquid
1408 3535 1525 3594 habent.

1041 3627 1163 3679 deorsum
1176 3625 1283 3680 trahens
1293 3663 1300 3683 ,
1310 3625 1401 3696 procul
1420 3643 1435 3677 a
1449 3641 1530 3696 supe-

1041 3713 1156 3770 rioribus
1171 3713 1238 3767 caeli
1254 3712 1377 3785 partibus
1392 3725 1527 3774 semovet.

1039 3889 1098 3932 stiso
1109 3889 1189 3944 potius
1199 3886 1331 3936 ssssnnte,
1348 3899 1416 3945 qus·
1435 3901 1463 3930 ss
1481 3887 1534 3942 ipss

496 3965 603 4008 Nostrum
625 3974 699 4010 toturn
724 3973 838 4008 srrrtorsor
861 3983 887 4010 rr
907 3973 985 4026 lngu—
1037 3964 1133 4016 Tullio,
1151 3969 1276 4026 sumpsisse
1292 3969 1350 4010 irunt
1372 3963 1447 4008 lorum
1466 3973 1532 4024 puts·
