3626 5344
524 649 587 717 roa
705 621 1074 712 ntrrrrocnaeuus
1098 623 1288 704 renatus
1352 589 1370 632 ⁵'

509 815 597 872 aureis
622 815 757 874 moribus.
780 831 846 883 quos
872 813 981 863 c'ateans

511 903 680 958 babuerunt.
700 901 801 954 dictum
819 909 877 955 est.
898 897 924 948 in
943 911 981 946 ar·

512 1003 618 1059 gentum
637 989 807 1044 convertisse.
826 985 897 1041 Iovis
909 999 981 1036 nam·

512 1099 565 1153 que
584 1093 699 1150 tempore
713 1078 808 1130 multos
826 1077 877 1126 iam
891 1072 917 1124 in
929 1080 981 1122 ter-

513 1169 584 1222 r'enis
594 1168 643 1221 sub
648 1169 726 1220 lectos
736 1163 869 1236 sapientes
879 1168 983 1224 canstat

513 1257 606 1310 faisse.
637 1255 714 1308 Unde
741 1253 822 1314 etiam
850 1248 982 1301 debellato

510 1349 624 1399 Saturno
643 1355 670 1396 et
688 1343 794 1412 lugeto.
814 1339 858 1392 alii
874 1335 982 1406 tyranni

511 1437 598 1486 lovem
619 1433 703 1503 ipsum
722 1441 831 1501 paterna
848 1425 983 1478 beredita-

513 1535 541 1576 te
562 1523 665 1594 privare
684 1517 797 1588 aggressi
815 1526 897 1568 sunt:
916 1527 984 1582 quos

514 1611 579 1680 quia
598 1607 700 1662 bellicis
719 1603 848 1658 naa'clrinis
873 1617 984 1670 supera·

517 1701 557 1752 uit
585 1734 592 1755 .
618 1697 736 1765 gigantes
759 1695 868 1761 fingitur
894 1687 984 1740 iuimi-

523 1803 609 1839 nasse.

521 1873 530 1948 ’ἲ
559 1891 599 1928 ιο.
618 1873 684 1926 Nam
699 1871 733 1923 ‹le
746 1869 803 1924 his.
822 1883 888 1936 quos
901 1863 987 1916 Varro

514 1971 652 2018 memorat.
662 1959 702 2012 uel
712 1954 808 2029 partim
817 1953 849 2004 aa
861 1967 995 2023 praesens¹

516 2063 638 2114 negamus
658 2045 787 2099 attinere,
811 2040 852 2095 vel
876 2055 907 2089 ca
928 2039 984 2108 ipsa

518 2133 657 2186 memoriae
675 2126 905 2183 commendarivix
923 2123 984 2191 dig-

513 2219 548 2278 ria
561 2218 775 2276 existimavi-Ait
789 2229 987 2282 nataquequos·

515 2315 575 2367 dam
589 2326 704 2383 tempore
717 2303 813 2360 diluvii
834 2303 867 2355 ad
884 2313 983 2354 montes

513 2397 659 2470 c'onl'ugisse
670 2418 680 2464 5
706 2396 755 2467 qui
778 2403 870 2466 postea
890 2390 924 2441 ab
941 2387 985 2442 his

512 2491 560 2559 qui
571 2489 605 2542 rie
616 2487 674 2540 aliis
685 2481 818 2538 montibus
828 2477 983 2534 veniebant.

513 2575 583 2629 bello
601 2571 738 2628 lacessiti.
762 2567 839 2621 iacile
860 2584 893 2620 es
919 2563 983 2618 locis

513 2661 693 2735 supeliorihas
703 2677 747 2713 eos
759 2655 910 2712 vincebant·
930 2653 982 2704 Ua·

512 2753 546 2804 ale
566 2751 664 2801 latetuia
683 2755 772 2798 estut
791 2742 847 2798 dii.
866 2739 983 2812 superio·

514 2855 572 2900 res3
593 2833 727 2886 interiores
740 2847 819 2887 sero.
838 2827 985 2895 terrigenae

517 2927 675 2978 dicerentur.
686 2917 720 2968 lii
730 2917 810 2970 etiam
820 2915 875 2968 sive
884 2913 919 2968 ob
929 2930 986 2966 ser-

513 3011 651 3086 pentinam
665 3005 837 3060 calliditatem
848 3021 928 3074 quam
939 3002 998 3057 lia-⁴

515 3099 634 3155 bebant.
652 3096 709 3148 sive
720 3094 785 3164 quia
799 3092 838 3144 vrle
851 3090 914 3143 locis
936 3089 986 3141 bu·

514 3185 623 3240 milibus
639 3183 673 3235 ad
684 3179 817 3253 superiore
833 3175 987 3247 reptabant.

515 3296 563 3348 pro
581 3271 694 3345 pedibus
720 3267 787 3322 dicti
805 3275 868 3318 sunt
890 3263 987 3318 trabere

516 3363 667 3433 serpentes.
690 3356 767 3426 Quod
786 3371 847 3407 vero
866 3370 896 3404 eo
918 3363 988 3404 tern-¹

516 3455 578 3520 pure
592 3448 625 3499 dc
643 3443 714 3498 saxis
730 3451 758 3495 ct
775 3441 876 3495 truncis
898 3439 984 3491 trouu·

513 3538 558 3588 ries
579 3531 652 3586 nasci
676 3531 743 3583 ‹licti
760 3540 823 3582 suat
838 3565 845 3585 .
862 3526 895 3578 ab
913 3527 983 3578 anti.

511 3639 564 3692 qua
584 3619 677 3672 horum
703 3615 869 3670 habitatione
894 3617 984 3666 lacteam

514 3723 554 3766 est
564 3745 577 3774 ·,
591 3711 661 3764 Ante
683 3705 766 3760 lactas
786 3707 856 3760 euim
875 3703 966 3758 domos
974 3739 983 3763 ,

512 3811 560 3854 aut
583 3801 611 3853 in
629 3799 701 3852 cavis
725 3795 863 3850 arboribus
886 3805 932 3846 ant
956 3793 983 3846 in

511 3887 643 3959 speluncis
664 3883 828 3940 manebant.
847 3883 898 3952 Qui
923 3899 982 3934 cnm

511 3975 573 4028 inde
594 3972 777 4042 egrederentur
798 4009 805 4030 ,
834 3981 880 4024 aut
908 3989 981 4022 suam

536 4069 576 4134 (t)
593 4077 720 4120 firmianus
738 4077 790 4120 iust.
804 4080 844 4120 l'l.
859 4089 895 4123 ·to
914 4103 921 4126 ,
945 4075 983 4121 rel

506 4151 611 4198 Placidus
628 4151 676 4200 tat.
684 4149 706 4196 3.

1037 805 1177 857 ealucereat
1198 803 1312 856 sobolem
1331 840 1339 861 ,
1358 802 1419 856 inrle
1441 801 1508 857 dicti

1037 905 1101 948 strat
1114 893 1254 964 procreati.
1265 895 1401 944 Praeterea
1411 928 1418 948 .
1428 901 1457 942 ut
1472 891 1510 942 ait

1038 982 1195 1035 Lactantius
1204 979 1328 1052 (r).dum
1342 980 1433 1030 deerat
1448 995 1509 1032 usus

1037 1087 1177 1124 casarum.
1201 1067 1249 1139 ipsi
1269 1067 1296 1118 in
1313 1083 1409 1120 morem
1427 1082 1508 1136 peeo-

1037 1177 1094 1211 rnm
1103 1157 1279 1224 vagabantur:
1289 1155 1356 1206 iilius
1365 1165 1453 1206 autera
1467 1173 1510 1206 su·

1036 1263 1065 1298 os
1078 1255 1126 1296 aut
1138 1241 1260 1296 arborum
1270 1241 1369 1297 caveis.
1381 1253 1427 1294 aut
1441 1259 1509 1294 moa-

1038 1327 1512 1401 tiumspecubuscoategebant.quos

1037 1413 1510 1472 transeunteaarborumvelsaaorura

1039 1499 1123 1556 toetm
1146 1500 1349 1556 existimabant·

1077 1605 1119 1641 rr.
1141 1588 1206 1643 lude
1225 1600 1266 1643 est
1288 1585 1362 1660 quod
1384 1587 1511 1641 dicuntur

1038 1672 1154 1730 Arcades
1172 1677 1252 1750 astris
1271 1679 1387 1748 lunaque
1401 1677 1511 1747 priores·

1040 1765 1160 1836 Namque
1179 1777 1207 1820 et
1224 1767 1276 1838 ipsi
1301 1767 1329 1819 in
1354 1765 1512 1819 diversitate

1040 1869 1174 1908 nemorum
1193 1855 1251 1907 nati
1268 1865 1297 1908 et
1313 1855 1409 1908 nutriti
1425 1890 1433 1912 .
1451 1871 1511 1906 cum

1039 1940 1148 1994 tandem
1172 1941 1199 1994 in
1213 1940 1290 2014 plana
1308 1940 1430 1998 exirent,
1446 1939 1512 2009 quin

1040 2045 1088 2106 nec
1107 2029 1196 2081 lunam
1214 2047 1261 2081 aec
1280 2029 1368 2082 stelles
1380 2028 1452 2100 prius
1468 2029 1512 2079 vi·

1041 2115 1152 2173 derant.
1168 2133 1217 2170 nec
1239 2117 1313 2187 prius
1338 2133 1383 2170 eas
1403 2116 1512 2169 extitis-

1041 2219 1070 2255 se
1094 2202 1267 2258 crediilerunt
1293 2230 1300 2246 ·
1331 2205 1396 2256 Cum
1425 2213 1514 2255 tamea

1041 2286 1158 2342 Arcades
1188 2289 1222 2343 de
1255 2289 1419 2360 antiquitate
1453 2305 1513 2340 carm

1042 2378 1191 2450 Phrygibus
1216 2389 1347 2433 certarent
1368 2414 1376 2435 .
1398 2379 1515 2444 singulos

1039 2469 1163 2538 parrulos
1187 2485 1247 2520 eum
1265 2467 1376 2536 singulis
1399 2465 1515 2520 nutrici·

1039 2554 1089 2608 bus
1096 2593 1105 2624 ,
1121 2555 1219 2625 quibas
1232 2555 1335 2623 linguas
1348 2555 1514 2611 adcarerant·

1040 2643 1219 2701 clauserunt,
1244 2643 1306 2696 aium
1330 2642 1515 2714 experirentur

1039 2745 1129 2788 utrum
1152 2755 1203 2790 vox
1219 2745 1283 2788 nata
1297 2713 1364 2787 assei
1376 2751 1409 2786 aa
1426 2733 1514 2786 disee·

1040 2833 1127 2875 retur:
1142 2835 1170 2878 ct
1184 2823 1206 2876 si
1224 2833 1292 2876 esset
1306 2822 1398 2875 innata
1414 2837 1514 2890 ‚qliae-

1041 2909 1514 2979 narnensetl’brygumaaalrcadum.

1043 2998 1169 3052 l‘roducti
1187 3009 1276 3051 atatem
1295 2997 1369 3069 pueri
1386 2997 1461 3050 bceos
1475 2995 1515 3066 (a)

1041 3087 1146 3158 loquuti
1160 3105 1217 3140 esse
1225 3087 1425 3156 dicuntur,qua
1435 3085 1516 3152 signi·

1042 3177 1166 3230 licatione
1178 3177 1310 3244 Phrygum
1329 3175 1418 3243 lingna
1440 3175 1516 3244 panis

1042 3265 1210 3333 intelligitur·
1222 3265 1264 3316 ste
1275 3283 1336 3332 ergo
1345 3261 1458 3328 contigit
1466 3262 1515 3312 Ar-

1041 3353 1119 3406 cades
1128 3371 1179 3406 noa
1190 3369 1244 3404 esse
1253 3352 1426 3422 primigenas.
1435 3347 1514 3416 Quod

999 3445 1001 3450 '
1042 3453 1127 3494 atatem
1150 3439 1251 3495 nobiles
1265 3439 1334 3491 dicti
1346 3437 1410 3491 sunt
1430 3436 1514 3489 Arca-

1041 3529 1087 3581 des
1099 3565 1106 3584 .
1122 3526 1228 3578 aliunde
1239 3535 1353 3579 tractum
1365 3535 1415 3578 est.
1425 3520 1514 3576 lielert

1041 3613 1513 3688 Tlmeyclideslibropriaross)hunc

1040 3727 1134 3761 morem
1150 3707 1279 3760 Graeciae
1289 3704 1390 3763 luisse,
1410 3715 1442 3758 ut
1454 3721 1511 3757 coa·

1041 3800 1078 3851 cti
1089 3799 1115 3852 in
1124 3798 1223 3851 alienas·
1236 3797 1272 3849 ire'
1283 3795 1379 3855 terras,
1390 3813 1456 3866 quas
1466 3795 1513 3854 ier·

1042 3888 1101 3940 tiles
1122 3903 1178 3938 ease
1197 3897 1392 3950 cognoverant.
1410 3885 1513 3939 casalem

1037 3973 1167 4029 veteribus
1183 3973 1273 4026 ineolis
1290 3983 1442 4026 vastarent·
1461 3971 1511 4024 sat

1064 4077 1102 4140 (a)
1119 4080 1174 4127 emi.
1189 4095 1256 4124 uere.
1270 4077 1310 4120 sal
1328 4077 1401 4144 βηός
1420 4081 1516 4128 liureio·

1039 4167 1076 4202 aaa
1090 4163 1125 4207 tr.
1138 4169 1159 4202 a.
1222 4157 1260 4216 (3)
1278 4161 1367 4219 espa,
