3606 5356
545 627 624 722 434
935 649 1174 696 rascsos

570 809 726 879 iumenta
751 811 813 902 agi
835 819 994 906 possunt.

518 927 677 1024 Aginam
694 983 709 1014 ,
745 953 893 1028 scapum
925 929 1118 1010 trutinae,
1156 924 1257 1026 qttod
1290 951 1333 997 eo
1368 951 1537 1000 mensura

565 1047 740 1148 ponderis
761 1061 902 1142 agatur

518 1163 666 1238 Arcera
682 1220 698 1250 ,
728 1161 929 1238 vehiatdum
952 1167 990 1234 in
1013 1187 1125 1235 arcae
1151 1161 1296 1234 modum
1320 1163 1535 1262 corfictum,

566 1307 640 1356 non
663 1287 788 1386 utique
807 1287 1036 1384 plaustrum,
1059 1281 1170 1356 idest
1194 1305 1351 1356 carrum.

348 1384 474 1498 ’,ξρᾖῇ
515 1403 629 1478 Antes
646 1406 693 1490 ⁹,
718 1406 894 1478 convalles
915 1417 979 1474 aut
1002 1399 1178 1486 arborum
1201 1407 1397 1476 intervalla.

347 1513 483 1620 ⁸¹22&
516 1521 735 1620 Abiugare,
759 1521 983 1616 adiwsgere,
1003 1519 1197 1594 adducere.

515 1639 581 1712 Aa
600 1640 786 1726 exodun,
811 1639 861 1710 ad
871 1639 987 1737 finem
1012 1643 1066 1712 vel
1090 1644 1291 1714 terminum.

514 1757 690 1832 Assidaos
703 1813 719 1844 ,
744 1762 863 1860 capite
889 1782 1014 1832 censos
1039 1761 1104 1860 qui
1129 1755 1220 1830 attzit
1246 1758 1336 1831 dare
1363 1773 1532 1860 poterant

563 1881 634 1950 nisi
658 1881 826 1978 prolem:
853 1875 948 1948 nade
972 1889 1008 1948 et
1033 1880 1228 1976 proletarii
1254 1877 1341 1950 dicti
1365 1893 1471 1964 sunt,
1496 1893 1532 1950 et

565 1997 708 2070 adsidaai
731 2001 858 2070 milites
881 1995 928 2069 ab
955 1996 1161 2070 assiduata
1184 1997 1304 2100 officii.

384 2209 387 2214 Ι
515 2121 759 2222 Acceptorem
783 2124 932 2205 salluis,
956 2122 1022 2220 qui
1044 2123 1219 2192 salutatus
1246 2133 1306 2192 est.

512 2238 762 2324 Auscultare,
784 2263 945 2340 parere,
966 2237 1142 2339 obsequi,
1166 2237 1324 2311 obedire.

513 2357 700 2444 Arnanti,
722 2359 922 2458 prementi,
944 2361 1195 2428 murmuranti.

513 2477 768 2562 Ambadaoris,
783 2481 871 2550 locis
887 2474 1017 2576 quibus
1030 2474 1237 2550 ambutaaa
1252 2500 1399 2576 quoquo
1414 2475 1528 2548 modo.

512 2597 579 2668 Ad
609 2601 737 2672 auitas
752 2651 768 2682 ,
794 2595 845 2668 ad
868 2621 1041 2669 summam
1068 2619 1195 2668 rerum
1219 2593 1531 2697 perturbationem

564 2714 930 2816 desperationemque.

326 2859 484 2918 *amun
512 2833 745 2928 Antegenitos
771 2834 988 2931 dogmazare
1013 2833 1059 2920 ⁶,
1090 2839 1156 2936 qui
1181 2839 1323 2932 negavit
1351 2859 1529 2938 quareque

560 2955 813 3052 sopieruiorem
830 2951 953 3054 fitisse
985 2976 1028 3023 eo
1057 2955 1123 3053 qui
1152 2957 1297 3025 namura
1327 2951 1438 3026 rebus
1467 2957 1529 3024 im·

558 3077 691 3172 posuit.

508 3188 724 3292 Agrippae,
750 3195 815 3292 qni
832 3189 986 3293 pedibus
1007 3191 1157 3266 editiore
1182 3195 1300 3293 capite
1318 3196 1527 3294 pariuntur.

510 3309 660 3408 Aegre,
686 3315 774 3396 viat,
795 3336 941 3412 paene,
967 3337 1049 3386 non.

508 3433 586 3507 Ars
608 3459 755 3520 everse,
777 3430 1023 3534 proverbium.

508 3549 801 3625 Aberrtmcando
828 3607 844 3637 ,
884 3549 1182 3624 abhominando:
1225 3557 1360 3652 φυλάξαι
1402 3551 1526 3626 dicunt

563 3669 709 3746 Graeci.

509 3789 726 3876 Altiboans,
753 3794 953 3864 altisonans.

508 3910 697 3996 Aviditer,
722 3910 832 3984 (wide.

512 4029 733 4114 Adiuotare.
759 4029 952 4114 adridere,
975 4033 1133 4102 territare.
