3646 5342
570 707 603 760 Vl

544 860 728 934 Albrieum
749 887 888 960 quoque
909 862 1088 949 continet,
1109 877 1142 932 et
1161 859 1309 933 vaticani
1330 861 1457 934 codicis
1477 876 1564 932 trac-

543 983 671 1056 tatibus
702 979 802 1057 XlV.
835 979 998 1080 quintum
1028 981 1206 1055 decimum
1232 979 1328 1056 addit
1354 981 1398 1055 dc
1429 978 1562 1055 zodiaci

545 1101 670 1198 signis:
696 1125 801 1198 quem
826 1115 1011 1172 tractatum
1035 1097 1191 1176 eiusdem
1210 1121 1281 1174 esse
1301 1099 1475 1188 auctoris,
1500 1098 1559 1170 hic

547 1245 629 1292 sane
650 1216 770 1290 suadet
792 1215 925 1314 codex3
952 1218 1012 1290 sed
1039 1217 1136 1291 hand
1162 1218 1233 1290 scio
1259 1247 1305 1292 an
1330 1236 1437 1315 neget
1462 1218 1566 1318 paulo

545 1337 714 1412 incultius
733 1337 873 1412 fortasse
892 1337 962 1412 ¹atili
982 1364 1100 1436 genus.
1120 1335 1255 1412 Rursus
1274 1339 1415 1412 tertium
1433 1339 1566 1438 mytho

546 1457 716 1558 graphum
743 1458 854 1556 reperi
885 1458 992 1532 etiam
1021 1458 1059 1530 in
1083 1457 1235 1558 palatino
1262 1458 1472 1547 chartaceo,
1504 1457 1566 1530 ubi

485 1571 488 1578 ’
545 1593 664 1652 tamen
688 1575 901 1650 desideratur
921 1594 1085 1652 tractatus
1106 1577 1150 1652 de
1170 1575 1332 1669 Pallade,
1353 1579 1487 1652 nedum
1506 1605 1566 1676 po·

548 1715 695 1776 suemus
729 1697 772 1771 de
804 1698 955 1774 zodiaco.
988 1697 1151 1800 Denique
1191 1699 1432 1800 mythographi
1476 1697 1567 1772 tertii

549 1817 818 1918 compendium,
843 1819 924 1919 ipsis
947 1818 1169 1919 protographi
1195 1821 1336 1894 retentis
1363 1819 1497 1908 verbis,
1527 1819 1565 1890 in

548 1937 706 2014 vaticano
725 1937 877 2038 quodam
895 1940 1117 2014 membraneo
1132 1965 1276 2038 magnae
1295 1939 1394 2014 molis
1413 1939 1566 2012 historia·

547 2083 628 2134 mm
645 2056 817 2130 variarum
842 2057 961 2134 codice
986 2059 1195 2133 continetur.

449 2216 462 2246 ο
489 2223 518 2275 ¹-
602 2175 650 2252 ll.
677 2176 817 2252 Primus
844 2178 1112 2280 mythographus
1137 2179 1280 2280 quinam
1303 2179 1409 2253 homo
1437 2178 1566 2268 fuerit,

405 2279 443 2374 αἶ’
476 2279 511 2308 ‘¹’
552 2295 731 2372 manifesta
760 2296 845 2370 dicit
873 2298 1055 2398 epigraphe
1084 2297 1238 2373 secundo
1265 2297 1353 2371 libro
1380 2298 1418 2371 in
1446 2297 1566 2370 codice

552 2417 726 2494 subiecta:
750 2445 900 2492 mancia
924 2447 1017 2493 num
1044 2447 1209 2496 arcannm
1235 2447 1273 2494 e·
1296 2445 1412 2494 urcrm
1438 2441 1569 2494 rmum·

551 2565 632 2614 anu.
658 2535 769 2638 Atqui
798 2538 885 2612 haec
913 2537 1119 2641 inscriptio,
1145 2559 1185 2615 ut
1213 2539 1443 2613 fabulatorum
1470 2565 1567 2611 more

411 2746 428 2758 ,
552 2659 622 2730 iam
647 2656 791 2758 loquar,
818 2657 1007 2732 discordiae
1031 2659 1138 2734 veluti
1162 2685 1307 2759 pomum
1334 2677 1385 2732 est
1410 2659 1504 2760 quod
1529 2658 1567 2730 in

554 2774 770 2850 eruditorum
794 2803 994 2852 consessum
1016 2777 1163 2867 iacitur,
1189 2793 1230 2852 ut
1253 2776 1336 2850 inde
1360 2777 1514 2867 bellurn,
1539 2777 1568 2848 si

554 2923 628 2970 non
657 2913 871 2988 cruentum,
903 2897 1111 2972 diuturnum
1139 2915 1231 2972 certe
1259 2897 1426 2998 dubiique
1459 2898 1571 2972 exitus

556 3016 768 3094 eventiletur.
791 3015 913 3114 Quum
933 3020 1027 3092 enim
1047 3017 1226 3118 Hyginum
1246 3018 1432 3120 quemdam
1450 3019 1488 3091 in
1507 3019 1570 3090 im-

553 3135 677 3234 pranis
702 3135 798 3209 libris
825 3137 955 3211 iamdiu
983 3137 1161 3235 legamus,
1187 3137 1248 3238 qui
1275 3165 1305 3226 a,
1324 3137 1481 3212 vaticano
1508 3163 1570 3208 no·

557 3270 627 3328 stro
655 3272 747 3329 totus
772 3255 934 3347 dissidet,
959 3273 1037 3330 uter
1066 3255 1195 3356 Hygini
1219 3283 1350 3332 nomen
1377 3256 1491 3329 verius
1515 3283 1572 3328 oc·

555 3391 681 3474 cupet‚
701 3375 794 3448 haud
820 3375 991 3450 immerito
1015 3393 1056 3448 ut
1081 3394 1166 3476 puto
1191 3375 1430 3476 disputabitur.
1450 3375 1571 3450 Varias

554 3521 659 3592 super
685 3494 777 3567 edito
805 3493 944 3594 Hygino
968 3495 1151 3568 doctorum
1174 3495 1358 3570 hominum
1382 3494 1569 3568 sententias

555 3628 659 3712 atquc
684 3614 923 3712 quaestiones,
944 3613 1001 3687 vix
1025 3641 1214 3689 memorare
1237 3613 1369 3687 nedum
1388 3641 1568 3688 recensere

554 3730 697 3823 licebit,
722 3733 788 3805 nisi
816 3733 893 3834 quis
917 3760 1022 3832 prope
1042 3733 1199 3806 infinitus
1224 3759 1295 3806 esse
1323 3731 1436 3807 volet:
1462 3759 1568 3832 quare

557 3848 703 3924 lectores
727 3851 770 3924 ad
794 3851 1035 3952 amplissimam
1062 3850 1241 3926 Stavcreni
1267 3850 1454 3924 editionem
1481 3849 1571 3923 able-

557 3998 622 4068 go,
649 3999 737 4072 quac
757 3989 808 4044 tot
833 3973 1033 4046 criticorum
1052 3971 1091 4045 in
1112 3970 1290 4072 Hyginum
1313 3969 1572 4045 lucubrationes

557 4091 681 4190 partim
701 4089 941 4190 complectitur
959 4090 1083 4190 partim
1103 4091 1278 4167 nominat:
1304 4089 1347 4164 de
1368 4088 1468 4164 cuius
1489 4117 1568 4188 ope-
