3660 5358
505 633 571 718 add

485 855 489 870 ,
512 801 539 859 5.
556 801 712 870 Fulgentius
734 799 892 855 Mercurium
915 817 962 852 ne·

478 893 557 958 annis
572 909 690 962 praeesse
711 889 796 941 dicit:
819 889 878 940 ideo
892 889 963 940 Mer·

476 983 579 1032 corium
597 978 696 1030 dictum
715 979 792 1046 quasi
806 993 901 1028 moraes
920 994 964 1026 ro·

476 1080 596 1129 rnntem3
611 1067 675 1136 quia
694 1066 889 1131 negotiatoris,
905 1063 964 1132 qui·

476 1156 525 1208 bns
544 1167 647 1226 protest
667 1190 676 1212 ‚
701 1156 832 1206 mercibus
862 1169 965 1222 semper

479 1245 636 1310 invigilent.
653 1244 712 1296 Sive
733 1243 766 1294 ab
789 1244 866 1318 ipparir
888 1259 965 1309 grae-

476 1353 506 1388 oo
517 1372 524 1391 ‚
535 1335 609 1404 quod
623 1335 752 1387 disserens
762 1337 965 1405 intorpretatur.

476 1439 507 1474 eo
526 1422 596 1491 qood
611 1425 769 1485 negotiatori
785 1424 897 1475 inanime
912 1423 965 1474 lin·

476 1526 585 1576 guarum
605 1509 728 1562 dissertio
752 1514 790 1561 sit
810 1509 967 1562 necessaria.

475 1597 539 1650 ldeu
553 1595 716 1666 superiofrrnr
730 1611 757 1650 ot
772 1598 912 1650 iul'crorunr
924 1599 968 1648 in·

475 1687 639 1742 ternrmtium
661 1688 758 1756 .·quia
785 1693 867 1739 terras
890 1705 968 1758 pera·

478 1787 575 1845 grant.
591 1793 663 1828 rnaro
681 1777 824 1828 ucerrduut
839 1787 866 1829 et
887 1789 968 1830 trans·

478 1864 577 1919 treranr
598 1863 762 1928 negotiantes
784 1897 791 1912 ·
812 1864 895 1914 Derim
913 1881 968 1916 osse

476 1949 561 2003 srrroru
574 1961 601 2002 ut
614 1951 697 2020 ipsum
709 1949 791 2002 iuram
807 1951 889 2024 ,quia
905 1966 969 2000 mur·

476 2050 577 2096 catores
596 2038 719 2107 periuriis
735 2037 790 2090 suis
811 2049 839 2088 et
856 2036 967 2088 fallaciis

476 2127 541 2179 aiios
561 2125 742 2196 decipientes.
761 2125 867 2177 minimo
891 2143 905 2176 a
924 2125 967 2176 l'u-

477 2213 550 2266 ribus
572 2215 682 2266 distent.
706 2215 782 2266 Unde
799 2225 826 2265 rt
845 2214 941 2280 Argum
960 2250 968 2270 .

478 2304 563 2354 oculis
581 2303 605 2354 ei
626 2305 691 2355 [ulte
705 2305 787 2356 crutis
797 2340 803 2358 .
813 2306 912 2358 dicitur
926 2308 968 2356 oo·

477 2390 576 2442 cidisse
587 2427 594 2446 .
607 2392 670 2459 quia
690 2393 771 2444 astuti
787 2391 856 2444 suros
874 2405 901 2446 et
922 2393 967 2444 sal·

475 2491 552 2531 catuo
567 2480 701 2532 versutiae
713 2482 775 2534 dolo
791 2482 913 2536 instructi
926 2501 967 2536 ne·

477 2573 644 2636 genetores.
663 2587 743 2640 saepe
760 2571 841 2623 etiam
859 2572 967 2643 sapien-

475 2657 591 2709 tissimos
621 2657 692 2711 viros
716 2693 724 2714 .
751 2661 795 2712 sed
825 2661 967 2714 soeculoris

474 2743 635 2797 calliditatis
654 2763 770 2802 varnos.
787 2745 922 2818 dirripiunt
940 2759 967 2802 et

475 2831 632 2884 alrlroudent
651 2851 658 2883 r
678 2831 764 2898 Argus
783 2849 898 2902 namque
917 2853 964 2886 aa·

472 2935 538 2970 runs
558 2918 767 2990 iuterpretatur·
788 2921 881 2974 Gallus
907 2927 965 2975 eius

473 3007 617 3075 deputatur
637 3008 795 3064 custodiae.
814 3009 881 3077 quia
900 3008 964 3060 baec

474 3113 504 3144 nr
510 3095 530 3146 is
540 3096 651 3148 inarime
661 3096 751 3150 boram
762 3095 884 3160 surgendi
900 3111 963 3148 rner-

473 3183 633 3242 outoribus'‚
650 3182 749 3254 quibus
770 3195 895 3255 praeest,
913 3184 961 3236 de·-

470 3283 562 3324 noturo
581 3271 830 3336 rideamnvirgam
848 3272 905 3324 idco
924 3287 962 3322 su·

470 3361 585 3411 cundum
595 3359 740 3424 Remigium
752 3359 800 3412 lert
814 3397 821 3416 .
833 3358 898 3426 spiriu
907 3375 958 3410 ser·

469 3464 510 3500 mo
529 3445 668 3498 iucundius
684 3457 756 3498 recto
772 3445 884 3498 rationis
904 3455 961 3496 tra-

469 3535 534 3588 mite
547 3535 743 3604 promptissime
758 3532 955 3604 pronuntiator.

468 3625 531 3676 Ideo
545 3623 712 3694 serpentibus
727 3623 846 3674 innexam
865 3631 890 3674 et
910 3640 957 3672 ca-

699 625 1064 716 nronoontrrtus
1087 627 1281 696 nonnius

1019 808 1086 862 ttssl»
1103 815 1204 868 eoaque
1221 799 1274 854 sibi
1289 797 1399 854 invicem
1419 819 1506 854 rrcon·

1017 888 1121 938 ciliari:
1136 907 1194 940 nara
1206 887 1333 942 bellantes
1347 889 1508 942 disertorum

1017 979 1138 1032 oratioue
1154 978 1292 1030 sedantur·
1310 977 1386 1030 Unde
1410 995 1505 1030 suerin·

1018 1071 1080 1122 duur
1101 1071 1204 1122 Liriuor
1230 1069 1310 1137 legati
1328 1069 1403 1139 pacis
1421 1067 1509 1120 eadri-

1019 1169 1137 1212 oratores
1152 1158 1326 1230 appellantur.
1345 1157 1418 1209 Siout
1436 1157 1509 1208 enim

1020 1262 1066 1315 per
1085 1243 1189 1296 feriales
1207 1242 1274 1296 betta
1294 1241 1480 1296 indicebantur
1500 1279 1507 1300 ,

1021 1333 1059 1387 ita
1081 1351 1133 1403 pax
1155 1350 1201 1402 per
1225 1331 1412 1384 caduceatores
1434 1348 1508 1382 conr-

1019 1421 1176 1490 ponebatur·
1199 1419 1277 1484 Quod
1300 1428 1387 1472 autern
1405 1417 1510 1470 ideren-

1020 1511 1076 1560 rius
1094 1507 1193 1572 virgam
1213 1505 1280 1558 forro
1298 1514 1425 1576 putetur.
1442 1503 1511 1572 qnia

1019 1595 1094 1654 sidus
1102 1594 1243 1650 lllrrctrrii.
1258 1611 1310 1646 non
1320 1591 1390 1644 sicut
1398 1588 1509 1660 quidam

1021 1684 1144 1754 plaustro
1157 1701 1201 1752 pur
1213 1681 1347 1734 arrsraetus
1357 1677 1458 1750 apsidis
1469 1677 1509 1728 in-

1020 1772 1118 1827 cedat.
1133 1771 1240 1839 quando
1253 1786 1312 1820 euru
1324 1768 1378 1822 sole
1391 1778 1448 1824 est,
1461 1764 1509 1818 sed

1021 1859 1122 1910 directo
1142 1857 1242 1908 irrutttr
1262 1855 1452 1912 transiremur)
1471 1862 1509 1904 ta-

1020 1963 1078 1998 men
1110 1957 1197 2016 portes
1226 1943 1378 1997 latitudinis
1406 1938 1509 1992 zodiaci

1021 2043 1131 2100 tangens
1141 2055 1150 2095 3
1161 2050 1207 2096 ego
1225 2031 1334 2100 quiden
1352 2045 1404 2083 non
1415 2025 1507 2099 probo·

1023 2125 1062 2175 Ex
1093 2139 1147 2192 qno
1171 2121 1240 2174 roim
1268 2119 1373 2190 planeta
1395 2115 1509 2186 quilibet

1023 2212 1082 2281 plns
1107 2227 1188 2279 quom
1218 2224 1295 2259 nnana
1320 2207 1349 2264 ia
1368 2202 1511 2257 latitudine

1028 2299 1129 2350 zodiaci
1150 2299 1183 2350 do
1196 2296 1271 2348 mill·
1291 2293 1369 2346 lineis
1386 2291 1481 2344 transit
1501 2325 1510 2347 a

1027 2401 1098 2444 ructo
1117 2390 1223 2444 tramite
1241 2405 1294 2440 non
1312 2393 1353 2438 eet
1370 2381 1510 2454 procedere

1022 2476 1174 2547 putandus.
1195 2475 1303 2542 Virgarn
1322 2473 1393 2525 iilam
1411 2485 1508 2522 nemo·

1024 2583 1078 2618 rum
1105 2565 1218 2636 appellat
1244 2561 1416 2618 Martianus.
1442 2559 1507 2629 quia

1023 2673 1108 2708 sermo
1121 2651 1256 2723 quaelibet
1265 2652 1300 2704 ad
1308 2649 1457 2704 memoriam
1467 2665 1510 2700 re-

1022 2743 1105 2796 ducit.
1129 2745 1167 2795 Ea
1184 2741 1264 2794 rtiorn
1283 2755 1400 2794 somnam
1418 2736 1466 2789 dat
1482 2745 1510 2788 et

1023 2830 1119 2882 adimit
1141 2829 1231 2898 ‚quia
1254 2845 1337 2882 nermo
1361 2825 1510 2894 ingeniosus

1020 2921 1079 2973 lites
1098 2919 1185 2976 alios.
1205 2928 1236 2971 ut
1254 2916 1390 2974 diximus.
1409 2915 1507 2986 sopit,

1021 3010 1087 3062 alias
1099 3020 1125 3060 et
1137 3023 1332 3076 nonnumquam
1344 3005 1453 3058 excitat.
1462 3003 1507 3054 Vi·

1025 3109 1078 3150 tom
1097 3113 1205 3166 quoqne
1224 3095 1333 3162 largitur
1351 3105 1378 3146 et
1396 3093 1508 3148 autor.

1019 3185 1086 3254 quia
1117 3185 1183 3236 idern
1212 3183 1343 3234 rlretorurn
1368 3197 1451 3234 sermo
1478 3180 1507 3234 iu

1015 3273 1101 3324 causis
1119 3273 1189 3323 lnrrrc
1208 3269 1304 3323 liberat
1327 3267 1423 3327 ,bunc
1439 3285 1507 3320 eon·

1015 3359 1148 3428 dampnat.

1050 3449 1075 3513 6.
1094 3448 1143 3498 Sed
1163 3455 1189 3496 rt
1210 3447 1323 3508 galerum
1341 3444 1440 3498 bubore
1457 3443 1503 3494 di-

1014 3535 1085 3586 eitur
1109 3569 1115 3591 .
1139 3545 1244 3603 propter
1272 3533 1415 3584 iorolntrmr
1442 3547 1504 3581 ror-

1014 3623 1107 3674 lmrnm
1126 3620 1323 3673 obscuritatem·
1341 3621 1394 3671 bre
1409 3617 1441 3668 ab
1460 3617 1504 3668 his

469 3715 581 3764 duceurn
605 3713 705 3766 dictata
727 3749 734 3769 ,
758 3711 823 3779 quia
847 3709 961 3762 rhetoris
1009 3711 1116 3780 quidem
1134 3707 1241 3772 Remigii
1262 3706 1383 3758 dissentit
1404 3714 1498 3756 uncto-

467 3821 553 3857 sermo
576 3803 644 3855 inter
670 3820 811 3856 venenosos
832 3803 962 3876 adverso·

467 3892 564 3944 riorum
586 3891 748 3957 litigationes
773 3889 874 3940 m'orlins
893 3904 956 3939 eur-

1014 3802 1079 3852 ritus
1093 3799 1245 3868 ,potentias
1259 3795 1385 3850 lllerourii
1399 3794 1425 3846 io
1440 3794 1505 3844 baro

1015 3887 1093 3938 verbo
1113 3884 1280 3946 insinuantis·
1300 3882 1407 3934 'disemis
1427 3917 1434 3936 .
1458 3882 1503 3932 in·

468 3997 546 4034 rens,
565 3997 664 4030 oornem
685 3977 768 4028 rixnrn
791 3975 887 4027 cudero
907 3993 953 4026 eo·
1011 3979 1071 4046 quit
1097 3977 1268 4032 ,almorum
1292 3973 1437 4038 velentiae
1457 3973 1502 4024 iu·
