3638 5332
1245 631 1311 726 ³⁶9

301 809 481 864 infirmitatem
507 806 636 862 Admetus
657 806 785 862 caderet.
846 821 874 856 re
893 802 1021 858 bellorum
1048 807 1106 859 eim
1124 804 1235 861 habere·
1258 807 1336 864 Unde

299 911 328 954 et
343 911 451 954 mortem
468 899 521 954 sibi
539 900 662 955 timeret,
676 913 786 967 rsepon-
845 894 932 948 iratus
961 893 1082 947 Priamus
1113 895 1187 950 misit
1211 895 1335 952 Paridem

692 652 952 705 stetissemus.

197 973 200 984 ⁸
300 1007 357 1043 suan
372 1000 421 1056 *est
439 989 474 1042 ab
498 988 604 1043 oraculo
633 1003 707 1058 posse
726 1002 786 1036 eum
843 997 902 1032 curn
929 981 1075 1043 exercitu,
1099 993 1130 1038 ot
1154 981 1259 1052 aliquid
1280 985 1333 1040 tale

300 1078 388 1130 adhue
410 1077 518 1133 vivere.
535 1077 560 1130 si
580 1085 650 1130 esset
668 1073 717 1144 qul
737 1091 785 1144 pro
843 1070 988 1125 abduceret
1006 1083 1056 1124 aut
1075 1089 1181 1126 uxorem
1200 1071 1270 1140 regis
1285 1083 1333 1126 aut

298 1181 330 1217 co
344 1163 424 1218 vellet
440 1162 518 1216 mori·
539 1161 589 1214 Sed
605 1159 710 1214 Alceste
725 1176 785 1210 cuur
842 1159 932 1211 liliam.
945 1159 1000 1229 Qui
1019 1161 1047 1213 io
1063 1161 1202 1216 Graecina
1223 1161 1332 1216 seuleus

299 1249 464 1318 cognovisset
479 1265 508 1302 se
524 1247 659 1301 snoricurlo
678 1245 731 1299 viri
744 1245 786 1298 sui
843 1244 1011 1318 interpellare
1029 1248 1119 1320 eoepit
1131 1247 1258 1303 lieleueua
1272 1251 1332 1304 lle-

299 1352 376 1405 posse
393 1333 449 1387 late
472 1335 618 1406 producere
633 1370 642 1391 .
660 1351 717 1388 sese
736 1331 787 1388 ob-
842 1333 913 1388 nelni
934 1353 1058 1390 uxorem:
1077 1355 1147 1408 quae
1161 1355 1220 1392 cum
1233 1339 1259 1393 ei
1272 1355 1331 1394 con·

300 1424 363 1478 tulit
382 1434 485 1477 morta.
504 1423 590 1493 Quam
611 1440 670 1474 coro
695 1421 788 1476 estin·-
842 1422 940 1476 sentiro
967 1424 1094 1481 noluisset
1117 1463 1124 1483 .
1147 1443 1265 1496 egressus
1287 1427 1332 1484 ille

299 1521 371 1563 uem
388 1509 515 1565 Admetus
530 1509 698 1581 impatienter
717 1509 788 1564 tlole-
841 1511 979 1566 civitatem
1003 1511 1138 1576 obsedita
1165 1532 1221 1585 qna
1241 1531 1334 1571 eversa

300 1610 356 1656 ret.
374 1611 402 1652 et
417 1611 510 1653 cetera
528 1611 561 1650 ut
578 1617 607 1669 p.
625 1599 685 1669 ¹4¹·
843 1599 966 1654 Helenam
987 1601 1100 1672 rapuits
1115 1601 1186 1655 uude
1203 1613 1332 1673 postera

843 1687 939 1742 marito
959 1688 1042 1760 recipi
1056 1687 1162 1743 meruit.
1171 1689 1229 1744 lloc
1242 1689 1332 1745 dolore

299 1775 328 1828 Ρ.
341 1771 401 1840 stt.
413 1775 441 1830 iu
452 1774 543 1830 lahela
557 1777 619 1841 acl·
631 1777 665 1830 dc
673 1776 786 1830 Hercule
841 1776 963 1832 commoti
976 1776 1086 1835 Graeci.
1095 1777 1261 1846 congregatis
1269 1779 1331 1850 qui·

483 1878 512 1921 et
528 1866 609 1935 Hyle.

298 2167 305 2182 .
325 2159 362 2185 .·
381 2073 516 2188 Troiana
532 2133 721 2207 exinproviso
738 2155 784 2190 ve·

300 2224 343 2280 nit
361 2259 370 2281 .
387 2225 480 2278 urbem
501 2228 664 2296 expugnavit
684 2265 692 2284 ‚
716 2231 784 2280 Leo-

299 2313 449 2366 medoutenr
458 2312 702 2380 regeminterlecit.
716 2315 786 2368 eius·
810 2315 815 2324 '

297 2419 350 2472 qoe
374 2401 455 2456 liliam
481 2400 620 2456 llesionern
643 2402 700 2456 iure
723 2403 785 2457 belli

298 2487 430 2542 sublatam
452 2489 543 2544 comiti
562 2490 719 2548 Telamoni,
737 2493 785 2562 qui

299 2577 401 2648 primus
423 2578 579 2632 escenderat
599 2597 702 2632 usurum
728 2591 786 2634 tra-

299 2663 394 2718 didit:
413 2665 484 2718 uncle
506 2677 547 2719 est
568 2677 648 2720 natus
668 2665 784 2721 Teucer:

299 2751 486 2805 numerarem
505 2751 605 2804 exalia
619 2764 723 2808 constat
740 2771 786 2807 es-

299 2855 328 2892 se
343 2847 446 2891 natum.
464 2837 541 2890 Tunc
560 2838 684 2892 Hercules
706 2839 784 2892 Pria-

300 2943 370 2976 urorn
389 2924 498 2995 quidem
519 2924 559 2997 (r)
579 2926 743 2996 redemptum
770 2943 785 2978 s

299 3014 396 3068 ricinis
408 3011 531 3067 hostibus
543 3016 571 3066 in
579 3024 692 3084 paterno
706 3030 785 3082 regno

300 3101 421 3156 locavit·
445 3101 540 3154 Postea
565 3117 625 3152 cunr
651 3103 785 3152 excessis-

300 3203 340 3244 set
359 3209 373 3244 e
393 3192 461 3244 vivis
480 3190 615 3242 Hercules
629 3187 689 3261 (a).
708 3189 785 3242 Prie-

300 3295 357 3330 mus
370 3276 458 3334 voleus
469 3285 586 3346 repetere
599 3279 711 3329 sororem
723 3293 785 3347 pro·

299 3365 383 3419 lectus
404 3376 446 3418 est
468 3382 526 3416 curn
556 3363 648 3432 legatis
674 3364 787 3416 Salami-

300 3469 360 3504 uorn
372 3487 379 3508 ,
393 3451 440 3504 uhi
457 3451 598 3506 moerebat
613 3452 684 3504 illam
699 3469 787 3520 regua·

301 3556 328 3590 re
340 3559 347 3588 r
366 3548 393 3592 et
410 3539 519 3593 minime
531 3558 589 3592 corn
606 3550 724 3611 repetere
737 3558 786 3592 va-

300 3627 352 3682 luit
371 3665 379 3687 ,
398 3629 507 3682 Graecis
524 3627 674 3682 dicentibus
695 3647 722 3684 se
742 3631 786 3684 iu-

346 3843 384 3908 (t)
404 3847 459 3892 cod.
471 3850 596 3909 qrss'cqru'd·
616 3853 693 3910 llytlr.
703 3855 721 3893 l.
737 3833 787 3898 136,

304 3924 429 3970 Priamum
445 3928 593 3985 redemptum
607 3945 622 3972 o
639 3935 718 3976 sociis.

353 4001 393 4066 (a)
409 4008 497 4050 Lacuna
506 4008 529 4052 iu
541 4007 590 4052 eod.
599 4037 606 4060 ,
616 4006 699 4053 relicto
711 4011 792 4069 spatio·

732 1861 734 1888 ²
840 1864 945 1936 busque
970 1863 1086 1919 fortibus
1105 1865 1214 1919 Grsecis
1231 1903 1239 1924 .
1258 1865 1329 1923 Tro-

843 1951 896 2006 isna
913 1951 1090 2010 obsederunt,
1110 1965 1138 2008 et
1159 1953 1261 2010 decimo
1280 1955 1330 2010 ‹le-

841 2055 913 2092 uaonr
933 2057 1003 2094 auno
1022 2053 1249 2113 expugnaverunt.

932 2209 990 2268 155·
1003 2213 1043 2266 De
1055 2212 1184 2284 Amyuoii·
1199 2213 1239 2286 (3)

843 2423 993 2551 Amyco&
1014 2482 1101 2536 Danai
1125 2483 1188 2535 aliun
1210 2481 1329 2538 studiose
1367 2483 1389 2492 “”

842 2568 871 2621 in
885 2569 970 2623 insula
983 2579 1165 2627 exerceretur.
1177 2567 1329 2641 imprudens

842 2668 962 2728 satyrum
990 2657 1144 2728 percussit:
1165 2673 1247 2728 quarn
1270 2675 1329 2710 cunr

841 2759 948 2817 satyrus
965 2747 1065 2802 violare
1086 2747 1188 2804 vellet.
1208 2747 1255 2800 illa
1274 2747 1329 2800 Nc-

841 2838 919 2908 ptuui
939 2837 1091 2909 imploravit
1116 2837 1256 2890 auxilium·
1273 2837 1329 2889 Ne·

840 2938 941 2999 ptuuus
953 2944 1010 2980 earn
1022 2965 1029 2986 ,
1046 2925 1137 2995 legato
1147 2936 1251 2996 satyro.
1262 2941 1329 2978 cour·

840 3016 937 3086 pressit
947 3033 998 3080 rex
1017 3033 1071 3085 quo
1090 3031 1177 3068 rmore
1189 3025 1269 3068 notus
1287 3023 1328 3067 est

840 3107 970 3179 Nauplius
987 3105 1053 3172 (6),
1070 3105 1147 3158 cuins
1164 3103 1237 3158 filius
1249 3105 1329 3157 Pela·

840 3195 929 3250 medes
946 3195 1058 3265 septimo
1069 3194 1153 3260 gradu
1167 3209 1183 3244 a
1202 3191 1264 3247 Belo
1277 3193 1329 3248 ori·

843 3285 930 3352 gincm
940 3283 1054 3341 ducens.
1066 3301 1126 3334 cum
1139 3281 1268 3335 delectum
1281 3297 1327 3352 per

842 3373 980 3425 Graeciam
995 3381 1084 3438 egeret
1093 3407 1100 3427 .
1110 3369 1278 3423 simulnuteor
1290 3369 1328 3422 in·

842 3459 942 3513 sanium
965 3458 1068 3512 Ulixem
1087 3458 1167 3512 (luxit
1186 3457 1299 3512 invitum
1319 3491 1327 3505 .

842 3549 908 3601 Com
930 3547 973 3599 ille
996 3547 1093 3598 iunctis
1117 3543 1255 3598 dissimilis
1276 3562 1329 3597 na-

842 3646 916 3686 turue
937 3633 1094 3685 animalibus
1113 3633 1190 3685 sulem
1210 3641 1328 3689 sereret.

886 3859 924 3918 la)
943 3863 977 3904 lli
986 3861 1015 3902 lp
1024 3864 1043 3902 l·
1058 3857 1092 3910 fist·
1104 3859 1242 3919 Awsewue.

892 3937 930 3998 sl)
949 3941 1004 3981 llio:
1018 3936 1329 3998 ”crrigitttrlslytlrogrsphus

843 4009 903 4064 145

1013 4109 1067 4210 24
