3638 5332
524 651 601 742 422
839 665 1172 716 mun-mm

500 839 735 924 arteriarum,
759 832 814 906 rei
840 832 1010 910 dentium
1031 831 1171 908 Sucum
1196 861 1381 935 pomonam
1407 855 1518 912 mtu-

503 958 722 1032 riseimorum
746 953 842 1027 lento
873 953 954 1050 igne
980 971 1121 1026 coctum
1145 953 1190 1027 ad
1216 957 1330 1031 mellis
1355 960 1514 1033 crussitu-

500 1077 625 1150 dinem
659 1133 671 1165 ,
705 1073 799 1146 mitis
823 1071 991 1146 aluminis
1015 1072 1113 1146 scissi
1138 1129 1149 1164 ,
1176 1076 1335 1174 myrrhae
1361 1077 1515 1176 singulas

503 1185 1085 1283 drachmamimul'commisceto
1107 1250 1118 1283 ,
1145 1211 1285 1270 etcum
1308 1197 1418 1298 pinna
1443 1225 1519 1298 per

504 1343 634 1414 ungue.

561 1435 606 1510 15
634 1432 827 1532 Myxomm
844 1432 1009 1506 virtutem
1026 1433 1189 1530 [rigidam
1207 1436 1424 1536 suspicamur
1439 1467 1450 1514 ε
1467 1463 1521 1510 ar-

507 1554 631 1626 dorem
656 1551 932 1624 febricitantium
958 1551 1143 1648 extingunt
1168 1555 1235 1653 (a).
1261 1551 1336 1628 Orc
1362 1581 1522 1655 conpres-

507 1699 566 1744 sus
591 1697 696 1744 sucus
724 1668 933 1766 gluttiatur:
961 1671 999 1742 in
1025 1670 1106 1743 cibo
1124 1689 1284 1772 sumptus
1301 1675 1520 1748 stomachum

508 1789 648 1888 egerit:
672 1786 837 1860 solutioni
855 1789 985 1860 ventris
1003 1789 1169 1866 obsistit:
1194 1791 1296 1863 tritus
1315 1807 1453 1864 etcum
1470 1793 1519 1864 fa-

508 1913 572 1983 bre
599 1908 739 2008 pulvere
765 1909 894 1982 mixtus
915 1908 1086 2009 inpositum
1104 1909 1326 1983 collectiones
1343 1910 1520 2010 sttbporta-

510 2059 548 2104 rc
574 2057 647 2104 non
667 2029 806 2128 patitur.
826 2025 916 2100 Orsa
935 2028 1114 2102 combusta
1137 2085 1148 2117 ‚
1174 2028 1254 2102 trita
1274 2056 1357 2104 cum
1374 2029 1521 2130 butyro,

511 2149 701 2224 combustis
727 2146 922 2222 medentur.

569 2270 615 2342 ιθ
644 2267 786 2342 Cemsia
811 2267 922 2340 viride
947 2291 1093 2367 pommn
1117 2283 1276 2340 ventrem
1293 2267 1470 2342 humectat
1487 2283 1525 2342 et

506 2403 673 2482 provocat
695 2417 707 2472 ;
732 2386 871 2460 aridum
895 2385 1002 2458 siccat
1020 2411 1061 2457 ac
1081 2383 1218 2457 detinet
1236 2415 1247 2452 ε
1272 2385 1383 2459 viride
1401 2403 1525 2460 stoma-

512 2513 580 2585 cbo
599 2509 813 2582 contrarium
831 2523 904 2598 est,
918 2505 1053 2578 siccum
1070 2505 1168 2578 utile.
1182 2504 1226 2578 In
1247 2506 1314 2580 hoc
1332 2533 1436 2606 pomo
1454 2523 1525 2580 tres

515 2632 626 2704 inesse
645 2630 791 2702 virtutes
809 2623 1035 2726 suspicamur.
1057 2625 1101 2698 ln
1121 2627 1331 2726 quibusdam
1349 2655 1449 2729 sapor
1467 2655 1528 2701 au·

513 2769 624 2824 stenae
650 2765 702 2822 est
723 2807 734 2839 ,
762 2749 801 2820 in
827 2747 904 2820 aliis
923 2746 1045 2821 acidus
1068 2803 1078 2837 ,
1106 2746 1145 2818 in
1164 2746 1241 2820 aliis
1259 2747 1384 2824 dulcis.
1404 2750 1527 2822 Auste-

513 2899 572 2944 rae
598 2886 756 2943 ventrem
780 2868 1025 2966 constringunt
1048 2925 1058 2956 ‚
1079 2868 1296 2940 stomachum
1322 2869 1527 2945 confortant.

514 2987 648 3061 Acidae
674 2987 877 3060 iudicantur
901 2985 1059 3084 flegmate
1091 2985 1375 3060 habundantibus
1407 3003 1529 3060 stomae

517 3107 592 3180 chia
624 3123 837 3206 opportunae
865 3133 983 3181 :nam
1009 3107 1118 3204 magis
1142 3105 1276 3178 siccant
1305 3161 1316 3193 ‚
1343 3121 1379 3177 et
1410 3104 1529 3178 crassi-

516 3227 678 3302 tudinem
701 3226 864 3300 dentium
888 3226 1026 3328 orisque
1051 3227 1237 3299 humorem
1264 3223 1428 3298 incidunt
1448 3225 1529 3326 (b).

515 3346 650 3422 Dulces
675 3347 851 3420 stomacho
878 3349 1079 3424 contrariae.
1102 3345 1218 3420 Citius
1246 3361 1364 3420 autem
1389 3372 1530 3446 praeno·

519 3467 630 3540 stinae
649 3467 776 3540 fluunt
805 3465 980 3540 Gmmnus
1003 3469 1048 3566 (c)
1078 3493 1198 3540 earum
1223 3491 1283 3538 ore
1308 3463 1470 3538 detentus
1496 3479 1532 3536 et

524 3585 739 3684 gluttiendus
771 3587 933 3660 arteriam
962 3587 1043 3659 linit
1070 3644 1080 3676 ,
1107 3585 1372 3659 vetustissimam
1405 3601 1535 3658 tussem

519 3707 727 3808 conpescit:
754 3733 837 3780 cum
863 3733 958 3782 mero
985 3723 1121 3807 potatus
1149 3705 1299 3780 calculos
1327 3704 1462 3803 frangit

551 4001 592 4068 (e)
608 4009 645 4049 lu
654 4003 772 4048 utha-tt
784 4021 842 4062 quae
850 4015 884 4050 nt
893 4016 960 4049 vetus
970 4007 1143 4065 orthograp'rsss.
1176 4001 1216 4067 (b)
1232 4005 1413 4051 coel-bimatu.
1423 4003 1466 4048 Sevi
1475 4019 1518 4047 ne-

523 4097 570 4142 qtte
589 4081 761 4125 tutaminis
774 4082 857 4142 placet·
891 4081 928 4146 (c)
944 4087 980 4126 itt
997 4093 1030 4126 est
1049 4099 1070 4126 ru
1086 4083 1278 4139 eodbgonms,
1294 4095 1384 4137 gurm
1398 4111 1405 4122 .
1416 4087 1515 4136 [καιναί.
