3634 5336
639 695 695 743 sue
714 677 909 741 normanno
929 693 996 740 rur.
1227 670 1302 771 393

313 856 496 928 innumera
522 852 729 927 multitudo.
758 849 816 923 Ab
835 848 888 922 his
914 848 1040 924 Persae
1066 851 1242 951 accipiunt
1269 853 1335 924 ele-

314 973 490 1072 phantos:
517 988 551 1044 et
576 971 731 1044 habitant
756 987 884 1042 terram
905 967 995 1040 ·XV·
1017 969 1246 1046 mansionum.

373 1097 420 1190 14
445 1091 530 1166 Post
554 1092 617 1165 hos
642 1107 726 1164 sunt
750 1088 876 1163 Persae
906 1087 1073 1164 Romanis
1104 1091 1336 1192 propinquan-

311 1231 363 1285 tes
385 1268 394 1302 ,
416 1239 502 1311 quos
527 1211 687 1284 historiae
713 1209 856 1283 uadunt
880 1211 1043 1309 pessimos
1069 1239 1154 1284 esse·
1169 1229 1203 1285 et
1228 1213 1334 1285 fortes

313 1334 352 1406 in
377 1331 476 1406 bellis
499 1389 510 1421 ‚
535 1332 597 1432 qui
622 1359 695 1405 non
727 1347 974 1428 cognoscentes
1009 1331 1211 1428 dignitatern
1236 1348 1335 1407 natu-

317 1480 376 1527 rae
408 1509 418 1541 ‚
444 1451 547 1526 sicuti
571 1468 669 1525 muta
694 1451 887 1540 annualia,
913 1451 1080 1525 matribus
1106 1469 1140 1526 et
1165 1453 1339 1526 sororibus

314 1569 465 1644 nefando
493 1569 683 1643 concubitu
709 1569 893 1644 sociantur.
908 1566 1000 1642 Data
1026 1569 1229 1672 propinquis
1256 1599 1336 1670 gen·

315 1689 408 1762 tibus
425 1705 590 1788 potestate
610 1687 869 1785 negotii,bouis
892 1689 1054 1762 omnibus
1073 1689 1273 1764 habundare
1293 1691 1341 1764 vi·

316 1809 453 1886 dentur.

375 1929 419 2006 15
447 1927 510 2002 His
542 1929 691 2003 sociatur
712 1927 969 2004 Saracenorum
998 1957 1081 2028 gens
1114 1959 1198 2004 areu
1232 1949 1267 2004 et
1292 1959 1343 2006 ra·

318 2048 408 2148 pinis
427 2047 532 2120 vitam
552 2074 650 2122 suam
669 2047 862 2144 transigens
886 2104 896 2136 ‚
922 2049 984 2149 qui
1004 2048 1130 2122 similes
1150 2048 1264 2122 Persis
1282 2050 1345 2122 im·

322 2167 371 2268 pii
390 2185 425 2241 et
444 2167 576 2268 peiores
596 2182 700 2256 sunt,
720 2167 920 2266 sponsiones
939 2195 1012 2241 nou
1034 2168 1265 2244 custodientes
1284 2197 1344 2244 ne-

319 2319 388 2390 que
414 2289 497 2364 belli
522 2315 637 2389 neque
664 2287 802 2362 alterius
829 2289 958 2385 negotii
986 2320 996 2384 3
1031 2277 1343 2390 quibus'mulieres

322 2409 491 2510 imperare
517 2409 693 2483 dicuntur.

381 2530 426 2604 16
453 2528 538 2603 Post
563 2529 625 2604 hos
650 2545 820 2601 terrarum
840 2544 1036 2602 nostrarum
1054 2548 1220 2604 secuntur
1239 2529 1346 2605 initia.

324 2649 439 2724 Habes
459 2677 540 2748 ergo
559 2650 598 2722 in
618 2650 736 2750 primis
755 2649 1045 2750 Mesopotamiam
1065 2666 1100 2723 et
1121 2648 1348 2724 Osdroenam.

321 2768 368 2842 Et
393 2767 645 2870 Mesopotamia
678 2771 820 2870 quidem
846 2771 950 2843 habet
982 2770 1132 2844 civitates
1162 2771 1287 2844 multas
1313 2787 1349 2844 et

323 2889 429 2963 varias
453 2946 462 2979 ‚
490 2917 638 2990 quarum
670 2889 877 2964 excellentes
910 2906 993 2963 sunt
1023 2891 1087 2964 hae
1116 2946 1126 2981 ‚
1153 2890 1283 2964 Nisibis
1315 2908 1349 2964 et

323 3006 474 3097 Edessa,
495 3036 583 3108 quae
608 3009 756 3082 maxime
783 3009 872 3080 viros
898 3009 1028 3080 hahent
1054 3009 1200 3110 optimos
1225 3009 1263 3082 iu
1289 3036 1350 3082 uc·

326 3129 449 3228 gotio,
472 3146 506 3202 et
531 3130 628 3203 valde
654 3129 838 3228 praecipue
864 3145 1053 3218 venantes,
1075 3145 1110 3201 et
1135 3129 1288 3220 divites,
1315 3147 1350 3204 et

322 3249 483 3323 omnibus
508 3249 609 3323 bonis
636 3266 783 3323 ornatos.
804 3246 1029 3347 Accipientes
1055 3249 1150 3322 enirn
1170 3277 1189 3322 a
1210 3248 1349 3340 Persis,

319 3369 384 3468 ipsi
409 3369 447 3442 in
481 3395 620 3442 omnem
655 3384 781 3440 terram
812 3367 1054 3442 Romanorum
1087 3369 1245 3442 vendunt
1275 3399 1286 3466 ;
1313 3387 1348 3443 et

321 3505 474 3563 ementes
501 3516 588 3587 quac
615 3479 811 3560 necessaria¹
833 3503 936 3576 sunt,
951 3487 1078 3560 iterum
1103 3485 1270 3583 tradunt3
1291 3515 1348 3561 ex·

323 3627 376 3684 tra
401 3635 560 3683 aeramen
588 3626 622 3682 et
653 3610 783 3680 serrum
814 3639 823 3686 :
849 3609 909 3680 has
936 3607 1030 3681 enhn
1062 3607 1193 3708 specics
1219 3607 1305 3682 duas
1336 3663 1346 3696 ‚

322 3728 389 3801 hoc
416 3744 466 3800 est
492 3752 651 3799 aeramen
678 3741 712 3798 et
737 3727 868 3799 serrum
889 3781 899 3815 ,
919 3753 993 3799 non
1013 3725 1094 3799 licet
1113 3725 1268 3799 hostibus
1289 3725 1347 3798 da·

322 3875 369 3920 re.
391 3845 480 3920 Istae
500 3861 616 3918 autem
635 3845 827 3946 praedictae
850 3845 1000 3919 civitates
1021 3846 1255 3943 gubernaculo
1275 3843 1346 3920 Dei

321 3983 409 4040 stare
434 3965 618 4054 videntur,
644 3982 679 4039 et
704 3966 915 4065 imperatoris
941 3964 1123 4067 prudentia
1145 3997 1154 4042 ι
1179 3967 1344 4041 habentes
