3646 5342
1212 617 1269 668 tux

280 781 436 856 venalem
460 781 583 880 stipare
609 776 701 865 dixi,
726 774 828 875 paulo
857 773 1025 876 sequioris
1044 775 1117 848 aevi
1141 791 1251 866 sunt,
1273 804 1294 849 a

281 899 485 1001 nescioquo
503 896 724 997 grammatico
752 893 928 968 inclinatis
950 893 1072 967 litteris
1094 893 1187 967 circa
1206 921 1294 968 mar·

279 1021 395 1117 ginem
419 1021 563 1120 scripta:
592 1045 703 1119 eaque
736 1015 864 1118 partim
885 1043 968 1091 cum
995 1015 1088 1090 edito
1114 1014 1294 1106 scholiasta

282 1158 493 1239 congruunt
522 1136 594 1212 Sed
621 1137 717 1211 enim
743 1138 868 1209 borum
894 1137 1191 1235 fragmentorum,
1216 1151 1295 1210 tum

280 1256 452 1332 Iuvenalis
479 1258 624 1357 inquam
650 1271 727 1328 tum
757 1255 864 1328 etiam
893 1255 1033 1346 Persii,
1064 1256 1195 1330 utilitas
1223 1255 1296 1328 sive

280 1378 355 1452 laus
373 1377 508 1478 duplici
535 1377 647 1478 capite
669 1376 899 1466 continetur,
928 1376 1169 1477 calligraphiac
1195 1375 1296 1450 nimi-

280 1497 515 1587 rumdceore,
535 1497 675 1586 utdixi,
695 1513 730 1570 ct
740 1496 933 1571 lectionum
942 1497 1125 1594 varietate3
1145 1520 1296 1598 quarum

282 1619 346 1692 etsi
373 1621 567 1720 complures
585 1617 769 1692 mendosae
792 1635 874 1691 sunt
903 1619 964 1718 (ut
989 1619 1029 1691 lit
1054 1619 1092 1690 in
1112 1617 1295 1692 codicibus

282 1741 482 1841 praesertim
514 1739 734 1840 splendidis,
768 1740 829 1839 qui
861 1767 880 1811 a
916 1739 1020 1813 servis
1053 1739 1295 1814 scribebantur
1410 1781 1416 1797 ν

281 1860 415 1934 nullius
441 1859 639 1950 doctrinae,
665 1877 801 1959 practer
823 1883 928 1960 quam
947 1858 1212 1960 calligraphiae,
1237 1887 1294 1960 pe·

279 1979 376 2082 ritis)
403 1980 488 2054 aliae
507 1997 623 2054 tamen
641 1997 725 2053 sunt
746 1978 926 2077 egregiae,
954 1995 989 2051 et
1006 1979 1144 2079 utrique
1177 2004 1293 2052 emen·

281 2097 396 2172 dando
416 2115 537 2199 poetae
557 2097 783 2199 peridoneus:
802 2126 887 2198 quas
907 2097 945 2169 in
964 2097 1120 2172 subiecta
1141 2095 1294 2198 pagella,

284 2219 417 2292 omissis
443 2218 634 2293 manifestis
659 2217 825 2306 mendis,
855 2244 937 2292 cum
962 2217 1112 2292 duorum
1138 2217 1297 2316 satyrico·

284 2366 365 2412 rum
380 2337 532 2412 editione
549 2337 847 2412 amstelodamensi
866 2340 951 2412 anni
970 2335 1294 2413 MDCLXXXIV.

284 2477 496 2561 comparatas
521 2459 714 2534 adscribere
735 2460 858 2568 placet.

623 2667 755 2720 luvenalis
774 2678 864 2737 satyra
882 2667 956 2719 xtV.

435 2769 535 2824 Editio·
930 2768 1116 2839 l‘alimpsestos
1133 2787 1159 2841 p·
1179 2786 1223 2846 77.

365 2893 387 2924 ν.
408 2869 451 2926 28·
470 2889 589 2942 unquam
839 2888 963 2940 uniquam

702 2984 792 3046 satyra
817 2975 878 3027 XV.

392 3099 417 3136 a.
453 3081 605 3138 crocodilon
831 3079 993 3134 crocodillos
1014 3079 1094 3150 (eod.
1121 3081 1301 3152 corcodillou)

392 3164 418 3223 5·
457 3167 596 3222 Memnone
835 3167 974 3220 Memnona
994 3165 1036 3238 (1)

399 3269 429 3306 aa
459 3253 558 3308 loetum
835 3253 918 3304 fetum

399 3345 438 3407 ¹4·
458 3344 566 3412 Ulysses
837 3343 925 3396 Ulixes

395 3447 422 3502 9.
460 3446 523 3501 cape
837 3447 915 3499 caepe
933 3433 944 3494 (
957 3427 1013 3481 cod·
1034 3429 1162 3499 caepae.)

398 3517 438 3573 16.
456 3519 607 3587 aretalogus
837 3516 997 3584 aretologus.

363 3620 488 3690 Reliquas
504 3621 636 3674 luvenalis
654 3619 782 3674 lectiones
802 3619 864 3671 licet
884 3634 1040 3686 cognoscere
1061 3618 1088 3670 in
1104 3615 1195 3671 tabula
1214 3633 1230 3669 a
1248 3634 1288 3672 me

295 3727 352 3762 aere
371 3725 448 3764 cusa,
468 3725 535 3780 quas
555 3709 624 3760 inter
647 3707 747 3760 eminet
766 3709 851 3760 lurrco
870 3723 918 3775 pro
937 3708 1028 3756 launo:
1054 3703 1093 3756 sic
1118 3703 1189 3756 enim
1208 3704 1289 3757 resti·

288 3875 297 3884 .
338 3883 342 3892 ,
362 3830 405 3904 (ι)
424 3831 484 3885 Non
502 3849 559 3884 esse
577 3829 648 3883 bunc
666 3830 812 3902 scripturae
835 3847 947 3882 errorem
961 3866 967 3886 ,
981 3827 1058 3882 docet
1068 3846 1115 3882 nos
1127 3827 1156 3882 in
1166 3826 1216 3880 bac
1231 3825 1290 3897 ipsu

295 3903 446 3956 inumbrans
465 3903 620 3958 scholiastes
640 3903 680 3956 bis
701 3901 801 3957 verbis:
822 3901 937 3974 quotam
957 3900 1121 3958 dimidium,
1136 3919 1191 3953 esen
1210 3897 1290 3952 dimi-

295 3977 358 4032 dio.
377 3977 474 4048 legunt
496 3976 535 4029 ad
555 3979 697 4030 Memnona
718 3976 884 4046 reseremus.

949 4059 1041 4140 *tl
