3606 5356
655 691 916 744 ouosstu
1125 717 1130 732 ·
1188 669 1311 774 501*

329 865 399 924 tur.
426 847 522 923 Item
544 873 652 924 scena
679 847 814 923 dicitur
834 847 1008 924 arborum
1034 852 1073 922 in
1093 874 1132 926 se
1158 857 1293 928 incum-

328 966 486 1042 beruisan
512 974 618 1071 quasi
642 981 895 1044 concamerata
921 967 1081 1042 densatio
1098 1024 1115 1057 ,
1148 984 1189 1044 ut
1211 969 1292 1046 sub·

327 1092 517 1191 terpositos
527 1103 651 1188 tegere
665 1093 788 1191 possit.
807 1089 901 1161 Item
911 1115 1018 1164 scena
1034 1103 1184 1164 vocatur
1198 1117 1292 1166 oom-

322 1209 455 1307 positio
474 1209 628 1280 alicttius
642 1209 833 1292 carmiru‘s,
844 1207 945 1309 quod
961 1205 1109 1304 dignum
1117 1213 1163 1282 sit
1172 1213 1235 1306 agi
1252 1213 1301 1284 in*

325 1324 469 1399 theatro
487 1324 811 1400 exclamationibus
829 1331 987 1423 tragicis.
1012 1309 1220 1425 Tragoedia
1238 1342 1292 1402 est

326 1451 421 1518 enirn
429 1469 545 1542 genus
559 1448 729 1520 oarntinis
742 1469 815 1546 quo
828 1457 959 1545 poetae
968 1468 1098 1541 regum
1107 1471 1212 1520 casus
1228 1443 1292 1518 du·

325 1569 483 1640 ricsintos
506 1578 541 1636 et
561 1567 700 1638 scelera
719 1561 880 1636 inaudita
898 1567 952 1636 rel
970 1561 1121 1638 deorum
1139 1555 1200 1640 res
1217 1569 1291 1638 alto

325 1687 444 1757 sonitu
468 1680 686 1758 describzatt.
714 1680 909 1755 Comoedia
931 1706 1027 1783 quae
1048 1707 1109 1758 res
1133 1687 1291 1784 privato

323 1829 406 1878 ruru
431 1817 466 1876 et
500 1801 689 1876 humilium
713 1825 957 1905 personarum
985 1799 1290 1903 comprehendit,

322 1948 395 1997 non
417 1936 490 1995 tam
511 1925 585 1996 ulto
611 1935 652 1994 ut
675 1919 864 2018 tragoedia
890 1923 996 2005 stilo,
1020 1918 1087 1994 sed
1109 1922 1286 1996 mediocri

322 2057 358 2116 et
383 2043 492 2116 tutat.

270 2160 472 2263 Supremi,
501 2171 537 2231 et
562 2163 690 2232 summi
717 2157 893 2258 signeficat
916 2170 951 2230 et
977 2159 1048 2232 imi.
1075 2156 1196 2231 Primi
1223 2181 1287 2230 au·

320 2297 392 2354 tem
418 2281 619 2353 ooczdtarii.

269 2399 485 2484 Soritica⁶,
500 2413 552 2472 est
567 2401 695 2472 arsvel
708 2411 960 2495 argumentum
972 2393 1347 2536 philosophorum*
1323 2405 1468 2522 tegunt

320 2519 438 2632 Σωρός
451 2544 586 2617 graece
603 2544 755 2594 acervus
769 2518 913 2594 dicitur.
933 2517 1051 2591 Aiunt
1060 2521 1154 2592 enirn
1164 2521 1203 2590 in
1213 2483 1347 2594 hoc*

317 2663 480 2727 acervo,
506 2655 597 2744 puta
613 2640 830 2745 frumenti,
859 2645 891 2713 si
919 2636 1103 2714 addideris
1127 2662 1286 2736 grurusm

318 2785 430 2834 uuum
453 2775 489 2834 et
514 2761 617 2834 aliud
637 2775 672 2836 et
692 2766 839 2836 tertium
853 2818 870 2849 ,
895 2787 1029 2862 capere
1057 2775 1176 2863 potest
1191 2817 1207 2848 ,
1230 2763 1284 2836 sio

317 2891 358 2948 ut
378 2877 428 2950 ad
452 2881 626 2980 mutam
643 2880 830 2980 procedat.
860 2880 932 2954 Vel
956 2906 1084 2954 manus
1107 2884 1139 2954 si
1159 2903 1285 2982 capax

318 3010 370 3068 est
396 2998 521 3072 decem
538 2999 761 3086 solidorum,
786 2999 899 3072 addas
923 3025 1034 3071 unwu
1061 3012 1097 3071 et
1119 3003 1285 3080 aliumet

317 3121 471 3191 moisem
497 3142 631 3219 capere
660 3132 786 3219 potest.
822 3118 888 3194 Sic
915 3143 1004 3216 ergo
1035 3117 1086 3190 ad
1109 3119 1283 3217 ufinitum

265 3351 456 3454 Sphaera‚
474 3369 526 3429 est
543 3353 744 3428 rotunditas
770 3355 894 3428 meandi
917 3353 1103 3441 volubilis,
1121 3367 1157 3426 et
1181 3358 1282 3457 quic·

316 3471 407 3574 quid
436 3477 507 3546 tale
537 3487 589 3546 est
618 3471 669 3544 ad
700 3471 969 3547 volubilitatem.
1003 3472 1143 3546 Dicunt
1174 3476 1281 3545 etiam

312 3589 487 3690 sphaeras
512 3617 564 3664 ex
583 3595 722 3693 capillis
740 3607 775 3664 et
795 3592 951 3692 pellibus
963 3593 1120 3693 factas,
1144 3591 1289 3695 quibus.

312 3711 441 3784 ludunt
465 3711 635 3814 infantes.

261 3828 470 3930 Separata,
495 3831 661 3905 discreta.
1134 3820 1158 3884 θ

260 3947 498 4024 Subsisteutia
516 4006 532 4035 ,
563 3949 734 4025 dicwttur
764 3953 818 4022 uel
841 3953 1057 4034 constituta,
1082 3952 1136 4022 vel
1154 3949 1243 4044 fixa
1259 4003 1276 4034 ‚

313 4074 366 4142 rel
393 4095 445 4142 ea:
474 4067 605 4171 quibus
634 4073 778 4172 aliquae
804 4093 863 4140 res
884 4065 1102 4154 subsistunt,
1128 4079 1167 4140 ut
1189 4065 1276 4144 dioi-
