3638 5332
820 817 1178 878 FRANCONIS

680 1003 712 1038 ex
731 1003 808 1058 opere
828 985 860 1038 de
879 987 1044 1058 quadratura
1063 985 1157 1039 circuli
1176 983 1318 1056 specimen.

485 1149 654 1262 Diximus
678 1229 708 1280 p.
730 1207 793 1266 315·
808 1211 889 1282 firlso
914 1209 1004 1264 sideri
1031 1210 1159 1262 Bertiuru
1176 1211 1286 1282 resen-e
1310 1209 1351 1262 ari
1369 1207 1514 1262 Boitlrs'ure

484 1315 552 1367 opus
570 1299 607 1350 de
630 1299 734 1350 simii
750 1299 954 1371 quadratum.
973 1297 1052 1371 quod
1069 1310 1112 1350 est
1132 1297 1298 1350 Frons-enis-
1315 1299 1398 1352 liuee
1418 1298 1513 1366 plesse

485 1401 521 1436 es
532 1385 583 1438 ltee
596 1383 704 1436 inedito
713 1403 809 1454 opere,
828 1383 949 1456 quadiu
964 1401 1013 1436 sear
1030 1386 1142 1438 libellos
1158 1384 1363 1438 distribuitur,
1381 1383 1515 1452 specimen

480 1471 625 1542 pmftrret
642 1473 686 1522 ite
706 1483 797 1523 tomen
816 1483 850 1523 ut
868 1483 953 1523 autea
971 1471 1088 1524 leontinis
1106 1474 1251 1542 operisque
1270 1470 1400 1522 notitiam
1419 1486 1456 1518 ex
1468 1470 1516 1522 Si-

483 1558 595 1631 gelerto
612 1573 754 1630 ponamus·
773 1559 818 1610 Sic
841 1559 934 1630 igitur
958 1561 1119 1630 Sigclrertus
1143 1575 1206 1626 cap·
1229 1555 1351 1608 CLXIV·
1367 1565 1386 1588 ⁴⁸
1406 1553 1515 1606 Franco

483 1675 501 1698 „
519 1639 701 1694 salsolosticus
719 1641 1043 1720 leodiensiqreligione
1062 1657 1089 1694 et
1104 1656 1227 1716 utraque
1246 1643 1409 1692 litterarum
1424 1643 1514 1694 scien-

483 1763 502 1787 „
521 1731 562 1780 tio
581 1731 761 1785 nominatus.
779 1743 916 1800 quantum
936 1733 1063 1784 valuerit
1082 1731 1252 1786 scribendo.
1276 1729 1433 1802 notificavit
1448 1749 1515 1801 pos-

484 1851 500 1874 „
519 1819 597 1868 ten's.
615 1819 761 1870 Amatores
779 1821 914 1886 scr'erqtiae
934 1821 1090 1872 saecularis
1111 1831 1209 1870 taxent
1228 1819 1288 1868 eius
1315 1821 1459 1870 scientiam
1478 1836 1514 1868 ex

484 1941 501 1963 ..
520 1908 611 1964 libro.
629 1923 709 1978 quem
728 1909 839 1977 scripsit
857 1907 898 1958 ad
916 1909 1102 1958 Ilermonnum
1130 1906 1260 1958 Coloniae
1279 1905 1512 1976 archiepiscopum

484 2027 501 2048 η
520 1991 555 2044 de
574 1991 756 2064 quadratura
776 1995 881 2046 circuli
891 2011 901 2054 3
921 1993 956 2044 cie
975 2011 1031 2064 qua
1057 1992 1225 2043 Aristoteles
1243 1993 1303 2043 ait:
1329 1989 1512 2064 quadratura

483 2081 622 2135 „circuli
639 2093 680 2134 est
699 2082 814 2136 scibile,
835 2082 954 2131 scr‘eutio
974 2077 1086 2152 quiclcm
1105 2079 1227 2132 nondum
1246 2092 1297 2131 est.
1319 2081 1355 2134 Ol
1374 2079 1453 2132 illud
1469 2097 1514 2132 ve·

483 2201 501 2224 ,ι
520 2185 551 2220 ro
569 2169 665 2220 scibile
685 2169 832 2240 conserant
849 2169 896 2220 vel
915 2171 998 2220 etiam
1013 2169 1180 2240 praeferant
1199 2185 1259 2219 eum
1279 2169 1438 2220 saeculares
1454 2167 1515 2236 plri-

483 2291 504 2314 ‚,
522 2255 628 2327 losoplii
637 2277 644 2308 ι
662 2275 712 2308 uos
729 2257 880 2308 laudamus
899 2273 959 2306 eum
979 2257 1047 2328 quia
1068 2255 1181 2307 divinae
1200 2257 1358 2325 scripturae
1376 2257 1514 2328 invigilo-

481 2379 498 2402 „
519 2348 575 2402 vit.
592 2357 621 2398 et
636 2349 726 2417 pluro
741 2347 854 2416 scripsit
863 2365 872 2407 ς
892 2355 924 2394 ut
938 2343 973 2396 de
992 2347 1103 2398 ratione
1117 2345 1237 2414 computi
1253 2344 1354 2396 librum
1369 2361 1455 2396 uuum
1468 2357 1514 2400 ‚et

482 2465 500 2490 ..
517 2432 576 2483 alia
588 2449 661 2504 quae
674 2433 708 2484 ab
722 2431 792 2482 aliis
810 2429 957 2482 habentur.
974 2464 991 2487 ,‚
1006 2429 1113 2480 Eadem
1127 2442 1230 2482 narrat
1240 2430 1275 2482 de
1286 2429 1432 2482 Francoue
1445 2433 1514 2484 Tri·

481 2517 596 2570 tliemius
614 2535 674 2589 cop·
702 2517 883 2572 CCCXLVI.
907 2515 1050 2588 additque
1077 2518 1214 2568 claruisse
1239 2535 1299 2570 eum
1324 2519 1374 2570 sul>
1392 2519 1513 2570 Henrico

480 2608 645 2676 imperatore
664 2607 770 2660 tertio.
795 2623 871 2656 anuo
890 2607 1003 2656 Domini
1022 2606 1109 2658 MLX.
1133 2605 1209 2658 Idem
1231 2605 1401 2658 Tritlsemius
1418 2607 1513 2659 adno-

480 2703 543 2750 tat,
562 2703 744 2743 moeceuatem
762 2691 843 2742 illum
870 2691 1025 2742 Francouis
1035 2691 1130 2762 fuisse
1150 2693 1337 2744 Hermanuum
1357 2695 1404 2750 ΙΙ,
1429 2709 1509 2766 quem

479 2778 660 2830 coloniensem
680 2777 771 2828 sedem
790 2779 824 2830 al
842 2797 917 2828 anuo
935 2775 1011 2832 1036.
1030 2778 1070 2830 ad
1088 2775 1167 2834 1055.
1186 2781 1308 2830 terruisse
1326 2783 1442 2832 scimuss
1460 2799 1513 2833 urs·

478 2865 513 2916 cle
533 2867 602 2916 satis
620 2867 730 2936 liquet,
748 2865 902 2918 Franconis
917 2884 984 2935 opus
998 2867 1077 2918 iutro
1097 2865 1147 2918 lios
1162 2868 1289 2936 temporis
1302 2871 1421 2936 spatium
1431 2869 1513 2938 suis·

478 2971 505 3004 se
532 2957 725 3025 couscriptum·
752 2955 799 3006 En
819 2965 912 3004 autem
934 2965 1043 3023 partem
1066 2955 1179 3027 prologi
1201 2954 1241 3007 ad
1255 2957 1374 3024 primum
1392 2956 1511 3012 librum,

476 3047 540 3096 item
559 3044 674 3093 initium
698 3044 808 3114 operis.
833 3053 861 3092 et
881 3043 963 3092 tertii
980 3041 1050 3091 libri
1071 3043 1219 3112 prologum
1239 3061 1324 3114 prope
1347 3046 1508 3115 integrum:

477 3128 526 3180 lios
544 3132 616 3181 enim
643 3129 718 3182 locos
746 3127 786 3181 ad
812 3131 946 3200 specimen
961 3129 1154 3198 praebendum
1174 3129 1284 3202 delegi,
1303 3133 1372 3204 quia
1395 3131 1513 3184 liistori·

476 3233 523 3270 cas
541 3219 654 3290 aliquot
672 3217 791 3269 notitias
810 3219 966 3270 continent.

512 3371 613 3445 Incipit
633 3371 756 3445 prologus
776 3371 930 3444 inprimunt
1020 3381 1095 3423 tuam
1114 3369 1232 3438 gratuito
1258 3371 1286 3424 in
1312 3389 1353 3426 me
1372 3371 1512 3425 confirms-
1572 3359 1577 3375 ⁹

531 3461 629 3515 librum
651 3460 742 3516 domni
768 3461 913 3515 Fronoonis
1018 3458 1073 3522 stis
1094 3475 1126 3512 er
1144 3460 1302 3514 eodemirm
1318 3471 1435 3532 tempore
1453 3459 1510 3512 nul·

550 3550 583 3603 de
601 3549 766 3620 qusdroturs
784 3549 888 3602 circuli·
1019 3547 1048 3600 lo
1066 3548 1133 3602 haro
1157 3548 1288 3602 sollicitus
1312 3567 1369 3603 esse
1391 3568 1444 3603 noo
1461 3567 1512 3619 po·

940 3679 946 3691 .
1020 3637 1077 3696 tui,
1096 3639 1234 3694 cuiusnam
1248 3640 1329 3694 officii
1339 3640 1443 3694 ratione
1456 3649 1513 3692 tan·

476 3671 542 3782 Er
561 3746 632 3798 quo.
651 3727 687 3779 mi
707 3743 796 3797 papa,
815 3727 966 3798 praesulum
1020 3740 1074 3782 tom
1095 3729 1207 3796 gratiam
1222 3728 1363 3800 promereri
1381 3725 1512 3779 deberem.

476 3818 573 3873 decus.
592 3833 688 3870 corona
706 3815 791 3868 totius
809 3835 856 3888 per
874 3815 963 3870 orbem
1018 3815 1125 3886 Quippe
1143 3815 1317 3886 pecuniarum
1343 3812 1412 3866 nihil
1430 3821 1510 3868 crat·

474 3904 553 3960 cleri,
575 3902 810 3972 nulliusumquum
829 3902 963 3958 immemor
1018 3923 1071 3958 non
1090 3921 1155 3957 cave
1172 3903 1279 3976 superbi
1299 3901 1449 3974 cornipedis
1463 3919 1511 3954 urr-

464 3989 639 4064 ¹honestetis,
656 4007 688 4044 ex
701 4005 756 4060 quo
774 3987 964 4046 liberalitatem
1015 3993 1104 4063 gals,
1136 4013 1190 4050 noo
1222 3992 1366 4050 minervrle
1393 3989 1510 4062 pretium
