3638 5332
684 657 932 708 rnonrcunuu.
1217 633 1294 730 413

297 815 368 887 ti‘co
394 820 445 904 ,a
468 813 614 886 meridie
636 816 726 886 mari
747 815 959 914 tyrrhenieo.
980 813 1086 888 Patet
1109 815 1147 886 in
1167 815 1319 914 longitu-

292 933 376 1008 dine
397 934 494 1007 milia
515 961 685 1035 passuum
707 931 1041 1024 ·CCCXLVllll·‚
1063 935 1100 1008 in
1122 935 1312 1010 latitudine

294 1054 392 1127 milia
412 1081 583 1155 passuum
597 1051 840 1128 ·CCXXlIlI·

351 1172 395 1250 15
422 1172 512 1247 Pars
530 1172 652 1247 ltaliae
675 1172 718 1246 ad
738 1173 833 1272 alpes
852 1173 980 1247 finitur
999 1175 1041 1248 ab
1057 1175 1193 1250 oriente
1208 1174 1318 1250 Istria

294 1311 331 1368 et
359 1292 518 1383 Carnis,
545 1293 588 1367 ab
614 1292 798 1367 occidente
820 1293 913 1390 iugis
942 1293 1105 1396 alpium,
1127 1323 1148 1368 a
1177 1314 1313 1397 septen·

296 1413 410 1487 trione
434 1413 516 1487 sinu
541 1412 739 1501 adriatico,
768 1439 788 1484 a
808 1411 955 1486 meridie
978 1413 1068 1485 mari
1087 1413 1254 1512 ligustico
1281 1433 1318 1488 et

297 1532 524 1631 tyrrhenica:
552 1531 657 1604 cuius
681 1530 793 1631 spatia
814 1530 852 1602 in
873 1529 1096 1628 longitudine
1125 1533 1224 1608 milia
1245 1561 1321 1635 pas·

297 1677 404 1725 suum
431 1647 667 1725 DCCCXX·
695 1707 704 1738 ,
733 1649 771 1720 in
799 1648 988 1723 latitudine
1023 1651 1121 1724 milia
1150 1679 1321 1751 passuum

299 1765 539 1843 ·CCCXXX·

355 1887 400 1960 16
427 1885 551 1960 Insula
573 1886 721 1961 Corsica
743 1889 869 1961 finitur
891 1889 934 1960 ab
961 1889 1097 1963 oriente
1120 1909 1320 1990 promonto-

299 2008 352 2081 rio
380 2034 508 2096 sacro,
530 2008 572 2080 ab
600 2007 785 2081 occidente
806 2006 1024 2080 Proturiano
1041 2011 1117 2109 (1),
1138 2037 1158 2081 a
1181 2027 1317 2110 septen-

297 2129 410 2202 trione
429 2128 623 2224 ligustico,
645 2156 665 2200 a
687 2127 833 2202 meridie
855 2127 946 2201 mari
967 2129 1102 2205 africo:
1119 2129 1224 2203 cuius
1246 2157 1321 2231 spa-

298 2247 346 2320 tia
361 2247 399 2320 in
419 2247 640 2343 longitudine
663 2247 760 2320 milia
781 2275 951 2348 passuum
973 2245 1140 2322 ·CXXX·
1157 2306 1168 2337 ‚
1183 2247 1221 2322 in
1239 2248 1316 2324 lati·

298 2367 423 2441 tudine
444 2366 542 2440 milia
564 2393 734 2466 passuum
764 2365 858 2440 ·XX·

355 2510 398 2586 17
429 2483 590 2558 Sardinia
611 2483 653 2556 ab
674 2483 806 2556 criente
830 2481 975 2558 Corsica
995 2500 1032 2557 et
1052 2485 1140 2558 mari
1161 2485 1319 2576 sardica,

298 2632 318 2677 a
344 2604 578 2702 septentrione
600 2604 690 2678 mari
709 2605 909 2704 tyrrhenico
933 2661 942 2694 ,
968 2632 988 2677 a
1007 2606 1153 2682 meridie
1180 2606 1269 2682 mari
1288 2634 1322 2680 a·

298 2721 410 2799 frico:
430 2740 526 2823 patet
540 2722 578 2795 in
593 2722 812 2821 longitudine
829 2724 927 2796 milia
943 2722 1321 2824 passuum·CCXXX·

358 2844 403 2918 18
430 2843 617 2942 Illyricum
643 2860 679 2916 et
706 2841 894 2917 Pannonia
923 2843 965 2916 ab
1001 2844 1138 2917 oriente
1174 2845 1327 2919 flumine

299 2960 447 3052 Drino,
475 2964 519 3035 ab
545 2963 730 3038 occidente
756 2963 903 3036 desertis
931 2963 968 3034 in
998 2963 1128 3062 quibus
1160 2964 1322 3040 habitant

300 3079 366 3156 Boi
386 3099 423 3156 et
435 3078 673 3182 Quadi(2),a
694 3080 931 3181 septentrione
953 3080 1101 3154 flumine
1121 3078 1318 3172 Danubio,

301 3231 321 3276 a
347 3199 493 3276 meridie
514 3198 604 3274 mari
623 3199 790 3274 adriatico
813 3231 822 3276 ε
847 3227 938 3301 quae
958 3216 1079 3298 patent
1108 3201 1146 3272 in
1174 3199 1324 3298 longitu-

304 3321 388 3396 dine
415 3319 509 3394 milia
535 3346 705 3420 passuum
723 3317 924 3408 ·DCXX·,
955 3319 991 3392 in
1018 3317 1203 3394 latitudine
1229 3321 1324 3396 milia

301 3467 472 3538 passuum
491 3435 769 3513 -CCCXXXIL

358 3585 403 3658 ¹9
431 3557 646 3648 Germania,
661 3555 833 3647 Rhamis,
856 3584 934 3655 ager
954 3558 1126 3648 noricus,
1149 3559 1193 3632 sb
1212 3558 1323 3634 orien-

302 3695 336 3750 te
362 3677 510 3752 flumine
535 3675 675 3751 Vistula
700 3695 735 3752 et
761 3678 845 3751 silva
870 3677 1062 3768 hercinia,
1090 3679 1132 3753 ab
1160 3677 1322 3754 occiden-

303 3811 336 3867 te
363 3796 510 3869 flumine
536 3793 673 3887 Aeno,
701 3825 721 3870 a
747 3797 984 3897 septentrione
1013 3825 1145 3873 oceano
1170 3855 1179 3888 ,
1207 3825 1227 3872 a
1254 3825 1323 3874 me-

301 3914 388 3988 ridie
415 3915 505 4012 iugis
534 3915 668 4016 alpium
696 3918 747 4018 (3)
777 3932 811 3998 et
838 3917 985 3990 flumine
1005 3915 1173 3992 Danubio
1195 3951 1204 3998 t
1233 3945 1322 4020 quae

384 4080 431 4152 (r)
451 4079 494 4132 lta
513 4079 571 4134 cod.
585 4081 654 4133 Num
674 4083 805 4137 Mort'cno
824 4083 865 4137 rcl
884 4081 1046 4137 Alerlanol
1069 4101 1231 4156 quamquam
1251 4085 1315 4140 lsacc

313 4166 372 4222 loca
382 4165 505 4222 Corsicae
518 4165 658 4220 orientalia
671 4177 744 4222 suut·
782 4167 828 4239 (a)
849 4169 916 4225 ch.
931 4173 1031 4224 Carini·
1069 4167 1114 4244 (3)
1134 4170 1315 4226 Coddrlrcm.
