3650 5340
741 695 867 764 LIBER
890 695 917 761 I.
1295 719 1315 786 7

327 875 401 946 gloss
420 870 536 943 φιοάιιιι
555 865 642 920 lurore
661 865 798 938 compelle-
850 863 1319 932 est.agamemnoniosanguineaen·

326 975 420 1016 rentur
434 959 468 1012 ad
480 957 615 1028 laqueum·
636 953 796 1026 Respondit·
851 965 891 1008 tas
912 971 968 1008 csse
985 953 1138 1025 placandos·
1163 952 1240 1006 Tunc
1259 953 1320 1008 Uli-

327 1065 380 1120 que
401 1045 553 1102 oraculum.
571 1041 659 1098 sedari
679 1057 756 1114 posse
770 1039 799 1092 il·
851 1059 913 1097 xes.
937 1051 968 1094 ut
986 1049 1045 1095 erat
1067 1041 1263 1101 astutissimus.
1293 1043 1321 1097 in

327 1137 381 1188 lam
399 1131 600 1205 pestilentiam.
620 1131 644 1183 si
665 1129 796 1197 Erigonae
851 1129 965 1200 patriam
995 1147 1113 1184 reversus
1139 1129 1221 1184 liliam
1248 1130 1321 1200 Agu-

325 1231 352 1274 et
360 1219 429 1272 icari
444 1219 576 1273 cadavera
589 1215 795 1287 requirerentur·
850 1218 995 1272 memnonis
1026 1218 1210 1290 Iphigeniam.
1235 1218 1319 1272 simu-

327 1309 401 1378 Quae
426 1324 486 1360 cum
507 1305 556 1358 diu
583 1304 706 1376 quaesitu
731 1319 796 1356 nus·
852 1305 909 1358 lans
929 1305 1057 1378 nuptias,
1074 1323 1161 1360 secum
1192 1306 1318 1360 adduxit.

326 1413 406 1466 quam
424 1393 623 1450 invenirentur,
645 1390 682 1443 nd
701 1401 795 1444 osten·
849 1393 974 1449 Adducta
990 1407 1079 1449 autem
1092 1413 1151 1448 cum
1171 1395 1223 1448 iarn
1245 1394 1272 1448 in
1287 1411 1318 1448 eo

325 1483 440 1538 dendam
448 1499 523 1538 auum
531 1479 699 1536 devotionem
710 1477 793 1532 Athe·
847 1493 915 1536 esset
933 1494 963 1536 ut
979 1485 1177 1539 immolaretur.
1197 1482 1318 1535 Minerva

324 1573 447 1630 nicusee,
474 1582 507 1625 ut
534 1582 562 1624 et
589 1569 619 1622 in
649 1567 735 1621 alienu
761 1584 792 1620 ea
847 1570 971 1630 miserta.
990 1571 1221 1626 circumstantium
1235 1568 1319 1624 arulis

324 1679 449 1738 quaerere
466 1661 621 1715 viderentur
649 1656 793 1714 elemento.
848 1655 945 1709 nnbmn
963 1658 1102 1729 opposuit,
1122 1670 1149 1713 ct
1163 1676 1211 1731 pro
1226 1657 1320 1711 eadem

323 1747 518 1821 maspeuderunt
537 1747 571 1800 de
594 1741 735 1798 arboribus
758 1743 796 1797 iu·
851 1761 973 1804 cervam,
992 1759 1024 1800 ut
1043 1747 1160 1807 dicitur.
1183 1748 1319 1820 apposuit.

324 1853 412 1893 uem.
443 1834 477 1886 ad
504 1849 583 1904 quem
612 1849 641 1886 ee
674 1842 794 1886 tenentes
850 1832 900 1886 llla
921 1845 1009 1888 autem
1030 1837 1159 1890 translata
1179 1839 1211 1890 ad
1232 1841 1320 1894 tauri-

322 1925 442 1979 lacrniuea
459 1927 513 1980 huc
531 1933 613 1992 atque
645 1919 708 1976 illue
735 1920 794 1990 agi·
849 1939 906 1975 cam
927 1925 1058 1992 regionem
1080 1925 1238 1994 Scytharum
1263 1929 1318 1996 regi

322 2014 467 2073 tutantur.
485 2022 518 2067 ut
535 2012 613 2084 quasi
633 2019 662 2065 et
680 2027 726 2082 per
747 2015 793 2062 ue·
849 2008 969 2066 Thoanti
987 2012 1087 2066 tradita
1107 2024 1166 2070 est,
1181 2015 1320 2070 sacerdos-

321 2121 375 2157 rem
388 2101 493 2156 ἰΙΙοιιιιιι
513 2100 643 2154 cadevera
661 2113 789 2168 quaerere
844 2114 898 2167 que
927 2097 997 2151 iactu
1024 2099 1175 2168 Dictynnae
1205 2101 1319 2157 Dianae.

321 2189 485 2244 riderentur·
505 2188 556 2241 Sed
576 2204 634 2240 eum
656 2185 719 2239 inde
739 2185 793 2257 ple·
845 2183 913 2238 Cum
930 2187 1074 2240 secundum
1094 2199 1227 2242 statutum
1254 2207 1319 2244 con-

320 2278 399 2348 eique
418 2276 559 2334 caderent.
585 2275 723 2330 inventum
750 2285 790 2328 eat
845 2273 1014 2329 suetudinem
1047 2276 1163 2330 humano
1190 2279 1319 2348 sunguine

321 2363 470 2419 utiormaa
490 2361 599 2417 adoris
623 2361 666 2416 sui
692 2359 791 2414 simili·-
846 2373 874 2416 et
906 2362 1020 2417 maxime
1050 2363 1189 2436 hospitum
1218 2384 1317 2422 numen

319 2455 441 2508 tudinem
461 2451 594 2509 iacerent,
621 2461 648 2504 et
670 2467 714 2504 eus
742 2469 791 2522 pro
844 2450 974 2522 placaret.
994 2454 1103 2522 agnovit
1116 2454 1223 2509 lintrem
1240 2455 1318 2511 Ores·

320 2561 349 2598 ac
365 2559 503 2616 suspensas
513 2550 647 2594 moverent
665 2557 719 2594 ora.
732 2539 789 2593 Un-
845 2549 907 2598 tem.
917 2541 1083 2615 quiscccpto
1090 2543 1212 2602 oraculo,
1230 2531 1318 2599 cureu-

320 2631 355 2684 de
371 2629 463 2686 oscilla
490 2628 563 2682 dicta
582 2639 646 2682 aunt
676 2625 711 2680 ab
730 2646 788 2685 eo.
845 2630 1035 2700 di(u)iuroria
1053 2650 1152 2694 causa,
1171 2653 1231 2689 cum
1255 2636 1320 2690 emi·

320 2717 394 2788 quod
413 2717 441 2770 iu
458 2715 502 2770 nis
527 2715 729 2774 minuentur.
760 2715 792 2768 id·
843 2738 873 2773 co
888 2721 1016 2776 fidissimo
1030 2721 1129 2791 Pylade
1142 2724 1255 2778 Colchos
1272 2743 1315 2797 pc·

320 2814 362 2860 eat
378 2811 548 2861 morerentur
566 2819 628 2858 ora.
841 2806 932 2862 eierat·
950 2809 985 2862 Et
998 2826 1058 2860 cum
1068 2809 1127 2866 his.
1146 2811 1233 2866 occiso
1244 2811 1318 2866 Tiro-

845 2906 923 2952 unte.
942 2898 1112 2952 simulacrum
1132 2901 1244 2955 sustulit
1261 2899 1312 2953 ab·

351 3001 397 3040 ao·
414 2983 570 3057 Iphigeniae
587 2992 615 3038 et
631 2981 736 3036 Orestia
840 2982 991 3039 sconditum
1011 2983 1081 3040 lasea
1098 2985 1230 3054 lignorum
1252 2986 1314 3060 (un-

463 3081 491 3126 et
508 3070 625 3140 Pyladis.
843 3071 876 3124 ‹te
904 3084 931 3126 et
960 3074 1076 3128 Fuseelis
1104 3073 1235 3134 dicitur.
1262 3095 1315 3132 non

843 3169 946 3212 tantum
968 3160 1060 3214 aiace
1086 3178 1145 3214 cum
1171 3179 1227 3231 qua
1253 3163 1317 3234 pia-

357 3185 484 3303 G'reeei
514 3247 577 3300 dum
602 3246 672 3301 irent
696 3256 787 3300 contra
843 3249 930 3319 gitur)
950 3259 977 3302 et
998 3247 1116 3302 Ariciam
1134 3249 1243 3304 detulit.

320 3335 442 3394 Troiam,
450 3347 478 3390 ct
490 3336 524 3389 ad
536 3337 647 3390 manium
662 3337 704 3408 (ι)
722 3353 793 3406 quae

319 3425 397 3480 Aulia
432 3425 579 3480 vocabatur
625 3426 758 3480 venissent
784 3460 792 3482 .
949 3423 1013 3480 nr·
1033 3420 1226 3494 iiippodomae.

319 3513 498 3583 Agamemnon
515 3531 561 3568 rex
573 3515 662 3569 voleus
672 3513 792 3581 sesagit-

320 3601 357 3654 tis
369 3619 490 3656 marcere
501 3637 509 3660 .
522 3601 594 3656 vidit
611 3619 713 3658 emvam
725 3600 790 3654 Dia·
854 3539 1064 3671 'Hippodame
1083 3597 1140 3651 filia
1159 3597 1212 3653 init
1230 3599 1315 3654 Oeno

319 3705 385 3748 nae,
403 3707 485 3761 qnam
504 3689 563 3747 ciue
592 3691 715 3760 ignorans
744 3705 786 3742 ea-
844 3690 897 3740 mai
918 3688 986 3756 regis
1015 3687 1102 3743 Elidis
1128 3700 1156 3742 et
1183 3689 1315 3744 Pinarum.

320 3790 373 3832 ae,
401 3776 545 3832 interiecit.
574 3777 672 3832 Ventis
697 3787 787 3831 autern
812 3831 814 3836 ,
843 3777 985 3848 Hicequas
1004 3776 1101 3831 habuit
1118 3776 1325 3845 velocissimos„

321 3864 461 3918 eontrmiis
481 3864 520 3918 ibi
541 3864 589 3917 diu
611 3864 731 3923 detenti.
755 3881 787 3917 cx
845 3875 937 3936 utpote
955 3865 1177 3920 ventorum-flatu
1198 3877 1314 3920 creatos:

321 3953 426 4007 oraculo
466 3952 598 4027 Apollinis
636 3971 788 4027 responsum
843 3953 890 4024 qui
911 3969 1005 4024 procos
1023 3951 1094 4004 tiliae
1123 3953 1219 4006 multuo
1242 3971 1314 4007 noca·

345 4063 384 4130 (1)
401 4056 514 4118 lmmoiio
532 4079 664 4120 continente
681 4073 748 4118 litore
767 4073 812 4119 suit
827 4071 914 4122 Aulia.
1007 4070 1047 4135 (²)
1063 4075 1100 4118 11·
1118 4069 1168 4116 eod.
