3628 5336
682 675 983 752 neruurore.
1255 663 1317 766 289

323 867 441 922 iurantes
450 863 538 916 lallere
552 881 604 918 nou
614 860 740 914 audeant:
755 855 807 908 bac
859 847 987 904 iolcrouur
1001 889 1008 910 ,
1021 850 1125 906 ardores
1140 850 1237 904 irarum
1253 862 1281 906 et
1296 869 1340 903 cu·

321 969 405 1024 poena
420 950 583 1006 constituto.
597 959 629 1003 ut
643 945 729 1017 siquis
747 943 806 998 eiua
858 943 1001 1013 piditaturo
1014 939 1123 1013 quibus.
1133 939 1242 994 huoiaui
1252 958 1340 994 acceu-

321 1060 416 1096 nornen
424 1039 569 1096 ieiellisset.
583 1055 712 1092 unoauno
721 1045 749 1090 ct
760 1054 820 1092 oe.
859 1030 958 1084 duntur
977 1028 1060 1084 animi
1074 1029 1251 1098 ‚signidem-
1263 1031 1340 1085 lluoc

324 1147 382 1184 reru
393 1127 487 1182 diebus
497 1125 642 1180 ambrosiae
650 1134 755 1178 nectare
764 1120 807 1194 (r)
857 1128 945 1171 umen
962 1117 1010 1188 qui
1032 1116 1112 1171 altius
1122 1118 1241 1189 sapuisse
1252 1119 1342 1172 rideo·
1368 1105 1373 1114 ¹

321 1212 517 1286 prohiberetur.
536 1213 615 1282 (lios
637 1221 724 1264 autern
743 1219 805 1262 tau·
857 1213 902 1260 tur
923 1203 1028 1262 ,huius
1047 1203 1179 1260 interioris
1202 1205 1269 1260 ciris
1290 1224 1340 1259 na-

321 1301 408 1354 tilluru
424 1299 498 1366 est.)
518 1299 585 1367 Styx
606 1315 745 1351 merorem
764 1293 805 1348 si-
857 1306 944 1351 toran
964 1292 1098 1348 turbidam
1115 1305 1142 1348 et
1161 1294 1340 1366 corpulentam

320 1389 455 1457 gnificat.
480 1387 519 1440 dii
542 1397 630 1440 autern
655 1386 720 1440 leeti
742 1396 805 1441 suut
858 1385 969 1462 figerere
988 1381 1147 1456 perhibent.
1167 1399 1237 1454 quae
1262 1383 1338 1437 ride-

320 1493 435 1548 sempera
447 1473 554 1527 undeet
565 1471 741 1528 immortales.
757 1470 805 1542 qui
857 1469 921 1524 licet
940 1481 1063 1524 concreta
1085 1477 1125 1523 eat
1140 1469 1198 1538 igne
1215 1467 1249 1521 de
1261 1487 1341 1540 supe·

322 1577 462 1616 maerere
476 1578 528 1614 uon
541 1561 679 1616 sentiunt,
693 1577 739 1630 per
753 1573 806 1611 resa
857 1559 972 1614 rioribus
993 1569 1102 1617 tracto.
1119 1569 1147 1614 et
1166 1576 1234 1629 equa
1250 1558 1283 1612 de
1302 1559 1342 1612 in·

322 1649 482 1703 contrariam
499 1665 565 1702 suae
577 1657 688 1701 naturae
700 1645 804 1699 iurante
857 1644 997 1700 leriorilrus
1012 1645 1166 1704 heusta‚ex
1181 1643 1280 1716 quibus
1296 1651 1340 1700 e‘cr

323 1737 382 1790 ideo
403 1737 579 1790 iuramentum
597 1753 643 1810 per
664 1733 805 1789 execratio·
857 1735 988 1792 densescit
1008 1746 1035 1789 et
1052 1735 1266 1794 incrassetur‚io
1287 1754 1341 1806 quo

321 1841 380 1879 nero
396 1821 514 1879 hubent·
531 1825 597 1878 Nam
622 1823 806 1878 iusiurandum
856 1827 1014 1896 peccatrices
1037 1823 1139 1876 uninroe
1162 1822 1269 1895 purgari
1288 1841 1340 1894 pu-

322 1912 428 1984 proprie
446 1947 455 1969 .
474 1910 526 1966 diis
545 1911 669 1964 alicunde
693 1908 805 1964 testiltus
858 1923 956 1967 tantur.
982 1913 1099 1966 Eundem
1129 1911 1347 1980 Phlegethonteo·

323 1997 454 2052 invocatis
470 2034 478 2057 .
499 1987 623 2070 prospera
640 2008 754 2070 optere3
771 2015 806 2050 ea
839 1996 842 2004 ⁴
857 2001 1033 2072 nonnulliqui
1048 2000 1146 2054 ecaelo
1159 1999 1289 2054 internum
1304 1999 1341 2054 iu·

320 2085 522 2140 contrariovero
532 2085 656 2142 ‚adverso
666 2085 806 2157 deposcere
855 2086 942 2158 cipere
960 2097 1102 2140 autumant
1116 2123 1132 2146 .·
1146 2089 1241 2141 Mortis
1254 2087 1342 2140 eiren-

321 2183 368 2226 est·
377 2172 455 2242 Quod
469 2183 557 2226 autern
573 2173 804 2227 Victoriaernatet
857 2173 911 2228 lura
934 2173 1054 2238 dicuutt
1083 2173 1153 2229 sicut
1179 2185 1207 2228 et
1237 2191 1342 2245 campos

319 2261 402 2330 Styx,
422 2261 450 2314 id
462 2262 646 2321 esttriatitie.
662 2262 735 2316 dicta
749 2261 803 2320 sit.
855 2262 951 2332 elysios
972 2298 980 2321 ‚
1002 2280 1069 2332 quos
1088 2261 1160 2334 apud
1183 2261 1278 2316 ioleros
1299 2261 1342 2316 [ι-

301 2349 356 2426 ·ob
368 2351 418 2404 lroc
435 2351 524 2404 lictum
545 2351 650 2405 ridetur
665 2386 672 2406 .
687 2349 759 2421 quod
776 2349 804 2404 in
855 2347 919 2402 bula
937 2351 1104 2408 constiturt.
1125 2349 1251 2401 circulum
1271 2349 1342 2403 lovis

320 2438 507 2494 certaminibus
525 2440 693 2510 diligentiore
713 2439 804 2506 magis-
856 2455 912 2490 esse
932 2435 1167 2491 contendunt-Alii
1189 2447 1293 2494 tumen.
1312 2446 1342 2489 ut

321 2543 392 2598 que.
411 2539 441 2582 ut
455 2528 492 2580 ito
509 2525 613 2585 dicero.
630 2527 709 2581 unxia
728 2526 802 2580 solli-
856 2523 894 2576 ait
908 2523 1031 2581 Servius.
1049 2523 1075 2576 in
1090 2523 1183 2577 insulis
1199 2523 1342 2578 lortunutis

321 2615 441 2669 titudine
457 2615 598 2672 adhibite.
615 2613 738 2668 uincendi
758 2631 802 2666 ra·
856 2611 959 2683 Elysius
981 2631 1036 2666 esse
1055 2613 1183 2668 credunt:
1195 2613 1268 2678 λύσις
1292 2633 1341 2670 uu-

320 2702 358 2754 tio
376 2701 537 2774 praesentior
554 2713 610 2756 est:
626 2701 700 2773 qued
720 2699 754 2756 ab
776 2721 804 2758 re
855 2711 907 2756 tera
923 2696 1049 2759 resolutio
1068 2703 1190 2763 dieitur.
1211 2703 1284 2776 qood
1300 2705 1339 2760 vi·

320 2805 487 2860 nequaquem
500 2787 613 2844 alienum
630 2799 682 2844 est.
856 2791 954 2848 delicet
972 2793 1026 2846 illic
1046 2793 1148 2848 unimus
1167 2797 1275 2849 maculis
1289 2814 1343 2848 eur·

374 2878 443 2930 Doro
458 2895 510 2929 noo
523 2875 594 2928 lecte
610 2875 683 2934 luit.
700 2873 804 2930 desem
857 2881 900 2936 uis
913 2882 1041 2936 resolutae
1058 2881 1226 2940 beatitudine
1243 2884 1342 2958 pertrui

407 2976 448 3018 est
466 2965 527 3018 llius
545 2965 642 3029 artuist
857 2981 996 3042 putantur.

375 3052 509 3108 Militibus
527 3054 664 3122 gruuiduta
677 3053 747 3108 laeta
762 3071 807 3106 re-
892 3057 921 3116 5.
939 3061 1019 3114 Porro
1038 3060 1071 3112 do
1087 3061 1178 3132 poeni,
1203 3059 1341 3117 infernali.

407 3143 479 3214 cepit
492 3160 596 3214 equum.
858 3145 908 3200 bus
934 3158 1112 3218 competentes
1132 3149 1220 3202 reddit
1242 3151 1342 3204 Lucre-

320 3229 425 3281 Dio'rtur
445 3239 531 3284 tamen
547 3231 637 3284 eudem
659 3231 725 3302 Styx
741 3233 805 3288 deo-
858 3235 912 3289 tius
926 3235 1043 3289 rationes
1054 3255 1063 3299 ς
1076 3246 1103 3288 et
1119 3255 1189 3306 quae
1205 3237 1238 3290 de
1252 3237 1342 3292 inieris

320 3319 805 3394 rmnotiarnnutrixetlrospitorquia
857 3327 993 3392 liognntor
1011 3324 1051 3398 (a)
1077 3359 1084 3380 .
1114 3323 1203 3379 omnio
1226 3325 1254 3380 iu
1285 3325 1342 3380 vita

320 3405 359 3456 dii
383 3407 416 3458 de
432 3407 509 3461 terris
530 3426 575 3478 per
592 3409 775 3481 purgationem
796 3443 805 3465 .
857 3423 947 3468 nostro
959 3431 1015 3468 esse
1032 3415 1177 3468 confirmet.
1189 3413 1342 3468 Dicituuru·

319 3510 399 3563 quarn
418 3495 483 3564 Styx
496 3497 566 3566 apud
584 3499 712 3568 quosdam
727 3499 804 3555 theo·
856 3520 920 3572 que:
939 3500 1032 3555 Tition
1045 3499 1194 3555 vulturibus
1214 3501 1284 3555 ieeur
1301 3503 1342 3555 lo·

318 3581 390 3647 logos
409 3582 543 3650 significet
556 3622 564 3644 ,
577 3589 686 3643 caeleste
699 3607 804 3648 wucr-
856 3591 984 3644 nicodoro
995 3590 1120 3648 dantem.
1142 3607 1253 3644 umorem
1267 3609 1342 3648 esse.

320 3669 386 3724 tium
404 3686 563 3728 roerrrerunt·
855 3677 905 3734 lroc
922 3691 962 3732 est
983 3677 1139 3738 libidinem.
1160 3697 1230 3749 quoe
1247 3681 1285 3734 ito
1298 3700 1340 3734 se·

352 3761 377 3824 4.
398 3759 556 3827 Phlegethon
587 3763 689 3818 flemme
714 3767 802 3822 dictet
855 3769 970 3822 cundum
995 3769 1117 3838 physicos
1139 3769 1167 3822 in
1191 3770 1342 3828 iecore,si·

315 3854 362 3896 est:
373 3855 413 3898 est
422 3845 492 3900 eoin
503 3857 574 3903 totus
587 3850 677 3918 igneus
687 3853 803 3910 erubieos
856 3865 902 3908 cut
919 3855 988 3910 risus
1001 3855 1029 3910 iu
1039 3856 1142 3928 spicue.
1162 3855 1299 3910 iracundie
1316 3857 1342 3910 in

349 3999 387 4060 (¹)
405 4005 440 4046 lta
462 4005 529 4052 codor
549 4023 556 4064 j
579 4025 621 4055 uon
647 4013 760 4058 aruerant
784 4023 808 4056 et
886 4009 927 4072 (e)
945 4013 1025 4058 dut-olo
1054 4014 1220 4060 nluotatiooeru
1247 4023 1345 4062 neutram

316 4087 424 4136 nectare.
856 4087 940 4150 μὴ·
1022 4113 1029 4126 ·
1094 4073 1097 4096 ¹
