3630 5334
615 673 825 749 FABULAE
848 675 1014 750 NOVAE·
1231 697 1303 768 ⁸99

603 839 739 909 XXIX.
786 859 815 908 n
840 857 859 908 t
882 857 906 906 a
929 857 955 908 n
977 858 1013 908 n.

355 1009 441 1065 Mutet
458 1015 602 1074 vt'sertnt.
624 1016 650 1067 σι’
667 1015 772 1070 salutis
787 1015 884 1088 gnatia
897 1011 1261 1088 parvifiteerentfhrtnnnt.

366 1151 480 1224 Canes
510 1154 662 1246 affugere
683 1177 758 1222 enm
784 1158 856 1222 iam
883 1177 954 1222 non
971 1155 1199 1246 possitfiber·

321 1259 473 1350 (Graeci
498 1266 655 1358 loquaces
677 1287 774 1358 quem
795 1266 961 1333 dixerunt
974 1279 1163 1348 castorem,

319 1371 369 1438 Et
393 1375 592 1446 indiderant
616 1375 744 1442 bestiae
760 1397 898 1468 ‘nomen
917 1374 992 1460 dei,

318 1480 382 1548 Illi
409 1487 468 1574 qai
488 1487 618 1552 iactant
630 1507 666 1550 se
689 1483 865 1552 verborum
885 1487 983 1575 eopia
997 1489 1031 1566 2)

318 1587 490 1682 Abripere
516 1594 754 1681 morsafhrtnr
777 1591 945 1660 testiculos
970 1594 1066 1678 sibi,

322 1697 414 1789 Quia
437 1717 577 1792 propter
602 1698 681 1766 illos
707 1701 835 1766 sentiat
857 1721 895 1765 se
914 1701 999 1790 peti.

318 1811 447 1878 Divina
473 1809 563 1902 quod
575 1813 710 1878 ratione
716 1809 805 1904 steri
834 1833 903 1876 nnn
929 1825 1075 1900 negemt

321 1921 474 1988 Venator
491 1943 637 2012 namque
663 1919 766 1987 simal
790 1920 919 1986 invenit
939 1917 1150 1984 remedium,

323 2027 459 2098 Omittit
488 2032 597 2119 ipsum
618 2033 794 2122 persequi,
816 2045 851 2096 et
870 2043 968 2096 vocat
988 2049 1100 2094 canes.

318 2141 393 2207 Hoc
421 2144 452 2206 si
479 2157 657 2232 praestare
671 2157 810 2232 possent
839 2139 1018 2208 homines,
1040 2155 1078 2205 ut
1101 2159 1160 2204 saa
1182 2135 1230 2229 (a)

321 2247 456 2317 Vellent
478 2272 618 2334 carere,
644 2251 694 2315 uti
708 2247 853 2343 postltae
866 2250 1040 2333 viverent,

318 2356 426 2424 Hand
456 2360 632 2450 qnisquam
650 2355 797 2427 insidias
823 2355 1063 2446 madefaceret
1087 2353 1231 2446 corpori.
1282 2421 1285 2430 ,

532 2559 644 2627 m.
670 2575 842 2628 mmo
865 2578 917 2629 tr
938 2574 1085 2628 respa,

327 2721 387 2774 Non
394 2722 583 2792 praeteritam
605 2721 658 2776 ml
674 2735 850 2795 praesentem
863 2721 1055 2795 aspiciendam
1072 2721 1296 2794 essesortanam.

361 2853 501 2946 Papilio
517 2879 652 2944 vespam
673 2855 983 2947 praetervolantem
1005 2855 1160 2935 viderat3

322 2967 354 3038 0
376 2984 499 3035 sortem
522 2970 698 3058 iniquam!
723 2969 803 3036 clam
825 2968 982 3038 vivebant
1004 2991 1174 3058 corpora,

319 3077 470 3168 Quorum
494 3099 542 3162 ex
563 3075 715 3164 reliquiis
736 3081 890 3146 animam
912 3101 975 3144 nos
998 3080 1201 3168 accipimus,

319 3188 395 3277 Ego
422 3185 560 3278 loquens
578 3189 616 3252 in
635 3210 722 3275 paee
737 3236 748 3272 ‚
756 3188 866 3276 fortis
886 3183 1049 3276 proeliis,

317 3293 408 3362 Arte
429 3297 522 3364 omni
541 3299 700 3388 princeps
721 3301 811 3364 intes·
832 3296 996 3390 aequales
996 3299 1071 3384 fai.

316 3406 374 3472 En
398 3421 516 3472 cuncta
535 3403 655 3474 levitas
672 3409 809 3495 patris,
832 3421 866 3471 et
892 3406 993 3474 volito
1015 3407 1111 3472 cinis.

322 3517 373 3582 Tu
392 3519 450 3607 qni
468 3517 576 3604 suisti
593 3513 703 3581 malus
728 3513 954 3600 clitellarius,
1073 3557 1075 3561 ,

324 3624 569 3716 Quemcumque
588 3627 693 3692 visum
720 3641 770 3692 est
791 3625 902 3692 laedis
927 3625 1036 3720 isfixo
1063 3622 1191 3730 aculon.

320 3729 369 3796 Et
401 3753 501 3820 vespa
530 3729 671 3822 dignam
693 3731 841 3798 moribus
864 3755 975 3802 votem
993 3729 1120 3798 edilia

319 3837 398 3905 Non
417 3842 476 3930 qui
481 3839 686 3928 fuerimus,
712 3837 771 3906 sed
795 3842 854 3930 qai
867 3863 955 3907 nanc
981 3841 1102 3924 simas,
1123 3836 1208 3908 vide.

337 4053 376 4120 (ι)
393 4055 454 4102 cst.
472 4067 520 4103 nt·
537 4061 574 4104 sni
592 4089 599 4110 ,
617 4061 679 4118 qnod
691 4075 736 4118 per
752 4067 867 4124 syntaens'ae
885 4061 958 4110 lieet.
