3634 5336
625 649 682 700 sus
701 637 896 696 consrsurro
916 645 984 696 nrr.
1213 626 1289 728 389

299 827 335 883 et
360 807 583 910 Thucydides
602 809 724 884 similia
744 811 1051 910 conscripserunt,
1077 809 1137 886 sed
1156 839 1230 887 non
1248 812 1317 887 ral-

298 927 342 1002 do
361 927 405 1000 de
426 929 586 1030 antiquis.
606 928 654 1002 Et
672 930 758 1002 haec
784 929 927 1030 quidem
952 929 1011 1004 illi.
1032 925 1107 1030 Ego
1126 949 1244 1006 autem
1268 931 1313 1005 de

295 1049 421 1150 quihus
440 1051 620 1125 memorati
641 1051 852 1152 scripserunt
874 1108 883 1141 ,
911 1052 1065 1152 experiar
1083 1053 1146 1126 tihi
1166 1052 1315 1129 breviter

297 1195 479 1269 exponere.

350 1290 372 1362 3
402 1287 535 1364 Gentes
563 1289 665 1364 aiunt
686 1317 757 1364 esse
780 1287 1052 1364 Camarinorum
1079 1292 1117 1364 in
1149 1293 1308 1392 partibus

304 1408 449 1481 orientis
480 1467 491 1499 ‚
528 1410 630 1484 ouius
661 1427 790 1483 terram
816 1407 959 1508 Moyses
984 1407 1087 1483 Eden
1124 1413 1311 1485 nominan-

299 1526 345 1599 do
379 1525 564 1626 descripsit
592 1559 601 1604 ε
635 1529 730 1602 unde
764 1545 800 1601 ct
837 1527 968 1601 fluvius
1007 1528 1180 1604 maximus
1217 1531 1311 1605 exire

297 1643 432 1718 dieitur
455 1702 464 1735 ,
491 1661 528 1719 et
552 1645 663 1719 dividi
691 1648 729 1718 in
757 1661 910 1748 quatuor
937 1645 1089 1720 flumina
1119 1703 1129 1738 ,
1156 1674 1311 1749 quorum

300 1763 443 1836 nomina
463 1781 548 1838 sunt
567 1765 655 1837 haec
676 1762 807 1852 Goon,
827 1761 990 1852 Phison,
1010 1760 1155 1861 Tigris,
1181 1781 1218 1837 et
1236 1763 1311 1840 Eu·

297 1881 434 1979 phrates
458 1882 522 1981 (ι)
537 1880 602 1954 Isti
630 1899 751 1955 autem
776 1879 937 1953 homines
962 1935 971 1968 ‚
997 1880 1062 1979 qui
1094 1881 1314 1980 praedictam

299 2019 428 2074 terram
454 2000 656 2074 inhabitant
679 2057 688 2090 ‚
715 2017 801 2072 sunt
826 1999 926 2072 valde
954 1998 1006 2098 pii
1033 2016 1070 2072 et
1088 2000 1174 2073 honi
1197 2057 1208 2092 ,
1229 2017 1318 2103 aput

298 2145 387 2218 quos
414 2117 513 2192 nulla
541 2118 678 2191 malitia
708 2117 890 2190 invenitur
916 2142 1033 2216 neque
1071 2117 1224 2217 corporis
1256 2145 1318 2193 nc·

295 2265 364 2338 que
393 2235 511 2310 animi.
534 2233 577 2308 Si
605 2237 737 2337 aliquid
757 2236 808 2308 ris
830 2235 962 2309 certius
989 2233 1159 2324 discere,
1185 2235 1317 2310 dicunt

293 2383 351 2429 eos
377 2353 472 2454 quod
497 2381 613 2454 neque
640 2382 730 2455 pane
757 2354 827 2428 hoc
854 2371 974 2426 nostro
1003 2353 1187 2426 communi
1212 2370 1314 2428 utan-

297 2493 377 2564 tur,
397 2501 466 2548 nec
487 2473 606 2574 aliquo
626 2474 733 2548 simili
755 2473 856 2563 cibo,
877 2501 945 2546 nec
965 2473 1046 2572 igne
1067 2501 1138 2574 quo
1157 2499 1224 2546 nos
1246 2472 1317 2546 uti·

299 2620 382 2666 mur
399 2623 409 2690 3
432 2593 491 2668 sed
513 2621 641 2693 panem
661 2593 806 2694 quidem
826 2593 877 2666 eis
897 2593 975 2694 plui
1001 2595 1052 2695 (α)
1075 2621 1140 2694 per
1161 2591 1318 2690 singulos

295 2712 371 2786 dies
392 2730 576 2804 asserunt,
591 2730 628 2788 et
646 2712 766 2794 hibere
786 2713 830 2787 de
851 2714 981 2812 agresti
1000 2713 1101 2787 melle
1123 2729 1160 2786 et
1179 2711 1312 2813 pipere.

295 2830 393 2928 Ignis
421 2850 542 2905 autem
569 2857 694 2906 eorum
720 2832 803 2905 solis
830 2859 905 2906 esse
933 2831 1141 2932 perhibetur
1167 2831 1316 2928 flagran-

294 2950 363 3023 tiae
387 3006 397 3040 ,
424 2967 466 3023 ut
492 2951 612 3024 statim
638 2951 733 3053 quod
762 2981 781 3026 e
810 2952 905 3025 caelo
927 2951 1118 3024 interram
1144 2949 1314 3023 diffundi-

292 3085 352 3142 tur
374 3123 384 3156 ,
411 3069 612 3168 potuissent
637 3096 759 3142 omnes
786 3070 890 3145 exuri
913 3125 923 3159 ‚
942 3068 1016 3141 nisi
1037 3095 1072 3142 se
1094 3068 1166 3141 cito
1187 3069 1226 3140 in
1246 3069 1313 3143 flu·

289 3186 388 3259 rium
407 3187 591 3260 mitterent
614 3244 624 3278 ,
645 3187 683 3261 in
703 3217 775 3288 quo
795 3187 933 3262 tamdiu
952 3185 1144 3262 volvuntur
1166 3243 1177 3275 ,
1197 3185 1312 3260 donee

297 3410 356 3446 rum
379 3391 484 3446 illorum
503 3392 622 3446 fuerunt.
634 3393 728 3464 Neque
739 3395 885 3448 Menander
901 3405 963 3466 post
989 3393 1130 3464 losephum
1148 3391 1227 3457 suits
1249 3401 1300 3447 cte·

303 3481 358 3532 nim
376 3498 391 3531 a
409 3479 522 3550 Iosepho
540 3481 640 3534 citatur
665 3479 911 3537 lih.1.18·contra
932 3481 1070 3554 Apioncm.

375 3569 414 3640 (r)
434 3569 506 3622 Haec
529 3570 562 3621 de
580 3571 663 3623 sacris
679 3569 773 3624 bibliis
792 3581 932 3624 sumuntur
942 3592 951 3636 5
970 3569 1109 3639 sequentia
1130 3585 1194 3624 vero
1209 3568 1252 3626 vel
1268 3587 1302 3622 en

297 3653 452 3706 ludaeorum
474 3657 607 3725 corruptis
627 3656 842 3714 traditionibus.
861 3655 902 3710 vel
926 3657 1035 3728 potius,
1055 3667 1085 3708 ut
1106 3666 1196 3710 noster
1211 3655 1301 3708 innuit

288 3739 330 3792 in
346 3741 519 3811 prohoemio,
536 3759 569 3796 cx
580 3745 677 3800 Beroso
692 3744 894 3814 consecutisque
914 3742 1051 3798 historicis
1067 3742 1184 3796 ethnicis
1202 3743 1244 3798 vel
1262 3741 1302 3796 is-

298 3826 407 3882 hulosis.

372 3911 412 3985 (n)
431 3911 522 3984 Imago
535 3927 640 3990 sumpta
654 3917 688 3972 de
709 3917 790 3972 sacris
808 3913 911 3970 bibliis·
924 3913 1087 3984 Intelligitur
1103 3926 1192 3969 auten
1210 3916 1301 3992 δροσό-

300 4005 381 4074 prta,
399 4017 514 4054 marsna·
