3606 5356
668 676 929 726 obesset.

294 829 491 916 Lenzcwus,
517 835 753 904 nominativus
777 835 1048 928 gloseimalicos.
1074 831 1094 872 ³

292 951 473 1035 Lucunii,
497 975 632 1046 genere
661 963 818 1036 neutro,
843 975 994 1024 nnnnro
1019 976 1162 1054 seuquer
1184 953 1309 1053 plum-

340 1075 376 1142 li.
405 1069 444 1142 L·
470 1085 608 1144 neenlus
632 1071 651 1114 l
676 1083 796 1143 aarum
812 1095 948 1168 genere
969 1077 1165 1146 muscidinc
1183 1071 1307 1146 diesen
1332 1087 1492 1144 *imon-l·

342 1187 476 1260 ludaei
496 1203 676 1262 eteorum
689 1189 791 1289 filii,
816 1194 960 1266 cimices
986 1215 1058 1264 non
1081 1195 1166 1266 leui
1187 1195 1308 1288 genia·

342 1314 412 1395 lis,
438 1309 503 1384 sed
524 1307 780 1411 scandaphilae
806 1309 1098 1413 ampleileatralis.

291 1427 449 1529 Lepidus
463 1483 478 1514 ,
510 1433 624 1500 nwllis
652 1428 786 1503 dicitur
813 1457 836 1502 α
863 1433 1020 1530 lepore,
1053 1430 1154 1532 quad
1175 1435 1308 1504 mnmal

342 1553 582 1624 mdissinuem
606 1565 666 1626 est.
693 1551 856 1626 Facetus
882 1576 967 1625 vero
990 1555 1055 1652 qui
1081 1556 1179 1626 iocos
1203 1563 1308 1648 gesta

341 1686 377 1744 ei
386 1670 504 1773 sacds
529 1671 777 1759 commendat,
803 1698 826 1744 a
839 1671 1019 1774 finienda
1042 1673 1167 1747 dictus.

291 1787 446 1862 Libitina
457 1847 473 1876 ,
499 1805 551 1864 esi
568 1790 636 1864 dea
657 1815 911 1892 paganorum,
937 1816 1047 1891 quam
1065 1791 1214 1892 quidam
1235 1791 1279 1867 V
1272 1817 1306 1864 e·

339 1935 464 1984 nerem
491 1911 704 2012 infemalem
727 1935 803 1982 esse
830 1910 1015 1982 dixerwn.
1044 1909 1181 1986 Tamen
1206 1927 1242 1985 et
1267 1916 1307 1984 li·

340 2029 450 2105 bitiua
478 2029 613 2104 diciner
638 2033 750 2103 lectus
777 2043 1003 2103 morularum
1019 2085 1035 2116 ,
1060 2035 1115 2104 vel
1139 2035 1241 2106 locus
1267 2037 1303 2104 in

341 2177 414 2254 quo
438 2154 572 2222 nwrlui
596 2149 810 2224 condunutr.

288 2270 565 2366 Laeslrigonae,
577 2283 700 2366 gemes
715 2283 797 2341 sunt
812 2269 1101 2358 crudelissimae,
1118 2285 1159 2343 ui
1176 2269 1305 2370 Cycla

338 2415 408 2490 pas
432 2389 601 2461 (lenimus.

287 2509 431 2608 Lepos,
450 2506 635 2582 urbanius
656 2510 800 2604 elegans
821 2521 855 2578 el
873 2511 988 2580 mollis
1008 2507 1219 2608 acfaceta;
1242 2531 1305 2580 un·

339 2629 385 2704 de
408 2627 567 2702 homenes
595 2631 709 2712 tales,
734 2627 846 2729 lepidi
870 2643 1052 2703 vocantur.

285 2750 410 2837 Licet,
435 2747 643 2822 adverbum
666 2753 905 2850 permittentis
929 2775 1004 2822 esse
1031 2751 1250 2844 inteligitur.

285 2869 443 2956 Libere,
467 2883 520 2942 esi
537 2873 661 2942 leviter
685 2869 825 2970 aliquid
842 2873 1076 2966 contingere,
1101 2883 1142 2941 ul
1164 2873 1196 2942 si
1221 2871 1303 2970 quis

336 2993 501 3062 invitatus
518 2986 569 3059 ad
584 2990 782 3062 convivium
807 2991 861 3061 sel
881 3001 1034 3087 polum,
1054 2990 1302 3088 perexigmem

335 3107 518 3210 quoddam
541 3106 586 3180 de
612 3131 695 3181 esca
719 3111 773 3182 vel
795 3112 942 3209 potione
967 3119 1111 3192 sumat,
1136 3131 1208 3179 non
1234 3109 1302 3178 val·

337 3227 383 3300 de
408 3231 462 3302 vel
488 3229 636 3300 nimium
662 3231 756 3302 satis.

284 3351 416 3437 Lien,
442 3355 543 3447 virga
561 3353 711 3424 irecurva
726 3353 921 3450 pastoralis
937 3351 1082 3446 generis
1092 3344 1275 3448 feminini.

285 3469 466 3557 Lembus,
490 3475 589 3545 nans
615 3469 741 3546 brevis

285 3589 479 3676 emmam,
495 3593 560 3664 alii
571 3588 769 3677 Icenorum,
786 3593 851 3664 alii
868 3589 1028 3664 Dianam
1044 3589 1189 3676 dicwel,
1207 3613 1302 3692 qaae
1327 3609 1330 3616 ·

294 3791 361 3846 dun
373 3793 491 3864 singule
506 3792 654 3862 pendete
672 3791 713 3846 ad
730 3809 893 3846 communem
907 3809 986 3844 usum
1004 3807 1130 3844 revocare
1149 3789 1290 3848 velumus,

294 3895 384 3952 pum
400 3882 488 3950 ipsum
506 3881 596 3950 aperis
615 3896 724 3950 psum
749 3878 848 3932 detur.
873 3879 935 3950 L'gc
960 3879 1054 3948 igitar·
1073 3878 1214 3950 pleraque
1231 3895 1289 3929 em·

295 3969 344 4020 uie
362 3969 472 4024 intacta
492 3969 617 4040 reliqui.
634 3969 813 4022 coniecturae
833 3978 943 4020 tantum
961 3967 1072 4039 aliquot
1093 3967 1138 4020 vel
1157 3965 1290 4020 emende-

296 4055 385 4108 tiones
405 4055 436 4106 in
456 4055 581 4126 margine
602 4055 710 4124 scripsi.
