3666 5338
550 647 592 733 48
828 639 1194 712 MYTHOGRAPHUS
1220 643 1244 708 l.

540 834 598 880 tate
615 817 707 876 obvios
727 817 757 872 in
774 815 862 886 iugum
883 823 1006 870 verteret.

597 1011 658 1070 132·
677 1010 770 1067 Trium
790 1007 951 1064 Gratianum.

577 1133 716 1262 Iuppiter
734 1197 786 1239 tres
799 1182 866 1236 filias
884 1181 1009 1234 lrelauisse

443 1291 448 1298 '
542 1279 641 1350 legitur
668 1295 727 1330 cum
752 1275 872 1330 Iunone,
898 1269 1008 1324 (amulae

541 1365 671 1428 Venerin
691 1379 803 1434 quarum
821 1357 927 1412 nomina
945 1365 1008 1408 sunt

541 1451 679 1508 Pasithea,
693 1447 814 1516 Aegiale.
826 1443 1008 1515 Euphrosyne.

542 1543 578 1597 Et
590 1539 655 1610 quia
666 1536 780 1590 blandae
793 1543 869 1586 erant
883 1542 910 1585 et
919 1531 1008 1587 anites.

543 1627 603 1683 ideo
621 1624 731 1681 Gratiae
747 1619 920 1676 vocabantur.

528 1797 587 1859 133·
606 1794 779 1854 Lemniadum
795 1801 824 1847 et
840 1787 1006 1863 Hypsipyles.

578 1917 761 2030 Lemniades
779 1985 838 2023 cum
856 1963 908 2020 diis
926 1961 1010 2017 omni·

542 2063 592 2118 bus
610 2063 724 2116 decimas
741 2057 845 2126 frugum
857 2047 934 2107 annis
953 2049 1010 2102 sin·

543 2152 610 2221 gulis
622 2149 768 2205 solverent.
786 2144 868 2198 solam
881 2139 1010 2191 Venerem

542 2235 803 2314 praetermittendam
813 2247 869 2285 esse
876 2229 1009 2282 dixerunt:

544 2345 613 2400 qnae
632 2327 702 2378 irata
720 2321 762 2374 his
776 2317 882 2374 οάοτοηι
901 2311 1011 2365 immisit

543 2415 688 2470 hircinam:
701 2425 767 2480 quas
776 2404 865 2458 mariti
874 2417 1009 2456 exsecran·

544 2515 604 2560 tes.
625 2500 728 2554 deserta
747 2495 844 2545 Lemno
865 2488 926 2543 odio
945 2504 1008 2538 eon·

545 2591 663 2657 iugum,
689 2583 808 2636 Thracas
841 2577 1008 2648 petiverunt.

545 2690 689 2747 eorumque
717 2672 785 2724 filias
812 2665 866 2722 albi
895 2665 1010 2717 ascivere

545 2765 675 2832 coningio·
694 2760 772 2831 Quod
793 2756 839 2810 ubi
857 2751 1010 2807 lemniani·

545 2853 595 2907 bas
607 2861 768 2922 compertum
784 2856 840 2904 est.
858 2842 1010 2898 stimulante

544 2941 668 2996 Venere.
685 2937 715 2990 in
740 2950 816 2990 omne
834 2947 915 3000 genus
933 2929 1010 2984 virile

546 3031 712 3093 coniuranty
749 3034 947 3093 remeantesque
977 3037 1010 3072 ea

545 3117 663 3173 Thracia
681 3117 751 3172 viros
769 3129 858 3168 omnes
877 3109 1012 3162 interame-

545 3221 619 3264 runt·
637 3209 708 3261 Inter
722 3219 789 3276 quas
803 3199 949 3272 Hypsipyle
961 3215 1010 3270 pa·

545 3302 582 3357 tri
600 3297 718 3352 Thoanti
736 3293 791 3349 sola
808 3288 932 3346 subvenit
938 3307 948 3352 ;
968 3285 1009 3340 uti

546 3410 599 3446 non
611 3389 694 3444 solum
707 3391 839 3456 parceret.
858 3395 950 3434 verum
969 3389 1011 3432 et·

546 3479 600 3532 iana
608 3475 750 3544 fugientem
765 3477 966 3542 prosequeretur
978 3466 1012 3520 ati

546 3565 621 3618 litus.
639 3562 716 3614 Tunc
733 3555 853 3611 '1¹hoanti
871 3553 951 3607 Liber
969 3570 1012 3606 oce

547 3650 661 3706 currit.
689 3661 802 3717 eumque
833 3644 868 3697 ad
898 3643 1012 3699 insulam

546 3738 634 3794 Chion
643 3755 767 3809 prospera
776 3735 949 3804 navigatione
957 3751 1013 3806 per·

548 3827 635 3880 duait·
653 3827 770 3880 Lemnon
789 3834 950 3894 argonautae
968 3839 1014 3875 ve-

546 3923 660 3970 nerunt.
677 3929 745 3983 qnos
755 3910 911 3966 Lemniades
920 3911 1013 3981 lroapi-

548 3999 588 4055 tio
606 3999 795 4070 suscipientes.
815 3997 930 4052 cumbis
950 4017 1017 4068 nup-

1058 817 1111 871 tias
1120 818 1273 874 iunxerunt.
1288 819 1434 896 Hypsipyle
1440 837 1471 878 et
1480 823 1525 878 la-

1057 921 1120 959 aone
1141 907 1209 963 illios
1217 912 1366 982 procreavit
1375 913 1490 966 Ennium
1497 925 1524 966 et

1058 995 1212 1050 Thoantem·
1240 999 1306 1052 Cum
1326 1001 1447 1074 plurimis
1465 1001 1525 1054 die·

1058 1079 1110 1136 bus
1123 1084 1227 1138 detenti
1240 1096 1344 1144 essent.
1365 1085 1399 1138 ab
1413 1085 1525 1140 Hercule

1059 1168 1193 1240 obiurgati
1204 1172 1387 1228 discesserunt·
1405 1177 1526 1229 lemniu-

1059 1260 1106 1314 des
1124 1271 1211 1314 nutem
1230 1273 1371 1333 postquam
1391 1263 1523 1320 intellexe-

1060 1359 1123 1400 runt
1141 1347 1305 1420 Hypsipylen
1327 1360 1429 1422 patrem
1446 1367 1526 1404 auum

1058 1453 1192 1497 servasse.
1211 1439 1356 1494 interficere
1367 1459 1425 1495 enm
1444 1457 1527 1497 cona-

1060 1536 1104 1580 tae
1128 1537 1199 1580 sunt·
1225 1527 1273 1579 llla
1298 1528 1363 1580 dum
1391 1527 1480 1596 fugit.
1509 1543 1524 1580 a

1059 1612 1237 1683 praedonibus
1251 1623 1291 1666 est
1310 1624 1402 1686 capta.
1420 1625 1448 1668 et
1473 1613 1526 1668 Ne·

1059 1717 1142 1754 meam
1170 1700 1326 1772 deportata.
1352 1712 1381 1754 et
1405 1700 1526 1769 Lycurge

1059 1786 1174 1854 regionis
1187 1786 1244 1840 eius
1260 1789 1316 1856 regi
1330 1789 1358 1842 in
1371 1786 1525 1842 servitutem

1059 1873 1198 1930 distracta.

1118 2047 1176 2117 134.
1194 2050 1281 2106 Danai
1298 2065 1325 2109 et
1344 2053 1467 2128 Aegypti.

1099 2167 1239 2283 Danaus
1257 2229 1312 2284 Beli
1324 2231 1392 2286 filius
1402 2250 1435 2288 ex
1447 2233 1531 2306 pleri-

1062 2313 1113 2368 bus
1126 2316 1282 2385 coniugibus
1292 2319 1489 2391 qunquaginta
1498 2325 1528 2378 fl-

1063 2402 1113 2457 lias
1131 2401 1245 2469 habuits
1269 2406 1433 2480 totidemque
1450 2410 1531 2466 irater

1062 2494 1119 2548 eius
1132 2492 1266 2565 Aegyptus
1274 2495 1361 2562 lilios3
1380 2501 1429 2570 qui
1439 2503 1531 2556 Dana-

1063 2597 1108 2632 am
1127 2578 1252 2640 tranen,
1270 2593 1302 2634 nt
1320 2584 1388 2640 filias
1401 2588 1530 2646 filiisauis

1063 2670 1092 2722 in
1105 2668 1300 2724 matrimonium
1310 2675 1457 2746 copularet.
1475 2697 1532 2752 pus·

1064 2756 1171 2811 tulerit·
1189 2759 1315 2820 Danaus,
1343 2780 1467 2835 responso
1485 2783 1532 2820 ac-

1063 2859 1139 2919 cepto
1164 2866 1179 2902 a
1205 2849 1258 2904 diis
1284 2854 1357 2922 (prod
1382 2859 1471 2924 generi
1489 2861 1532 2914 sui

1062 2935 1184 2989 manibus
1204 2936 1346 2999 interiret.
1363 2942 1447 3012 Argoa
1464 2963 1531 3018 pro-

1064 3021 1148 3080 iectus
1166 3038 1231 3085 est.
1259 3039 1286 3082 et
1303 3029 1405 3101 primus
1432 3032 1533 3090 dieitur

1063 3114 1152 3166 navim
1170 3113 1278 3175 iecisse,
1298 3135 1314 3168 a
1333 3119 1408 3173 cuius
1426 3122 1535 3176 nornine

1063 3201 1133 3270 Argo
1146 3203 1219 3257 dicta
1236 3215 1277 3260 est
1290 3207 1376 3261 nasis.
1396 3207 1532 3282 Aegyptus

1062 3291 1148 3347 mittit
1166 3294 1234 3348 lilios
1248 3312 1310 3350 suos
1324 3298 1359 3349 nd
1371 3315 1534 3370 peraeqmn-

1065 3380 1128 3433 elum
1142 3379 1269 3446 fratrent
1287 3383 1383 3456 hisque
1396 3387 1533 3458 praecepit

1064 3481 1095 3523 nt
1106 3480 1154 3526 sut
1166 3472 1289 3526 Danaum
1302 3473 1465 3534 occiderent.
1486 3487 1534 3528 eut

1064 3559 1170 3613 doraum
1189 3578 1242 3615 non
1261 3559 1399 3625 redirenty
1418 3572 1450 3615 ut
1468 3561 1533 3632 Age·

1065 3667 1113 3702 nor
1140 3648 1196 3702 filio
1224 3647 1323 3702 Cadmo
1346 3649 1530 3721 imperaverat.

1065 3734 1119 3804 Qui
1137 3721 1279 3806 postquam
1292 3735 1377 3804 Argos
1390 3749 1533 3798 venerunt,

1066 3835 1212 3898 coeperunt
1229 3834 1353 3898 patruum
1371 3825 1533 3899 obpugnare.

1065 3913 1172 3968 Danaus
1191 3923 1331 3985 postquam
1346 3914 1416 3967 vidit
1436 3933 1464 3968 sc
1481 3935 1534 3970 non

1071 4018 1145 4072 posse
1164 4003 1301 4058 resistere.
1329 4001 1396 4046 ΝΜ
1418 4020 1477 4056 «ιω
1497 4003 1535 4054 cis
