3626 5344
520 672 581 716 tto
803 614 1169 719 uvnno'omruus

507 815 665 884 Argivorum
697 813 831 866 inimicum
861 811 977 864 lelicite·
1028 812 1117 872 citur.
1131 819 1360 892 qunednmpuells
1374 827 1496 880 seemdos

506 907 529 962 ti
545 922 608 960 sune
626 900 723 956 habuit
748 899 867 969 coniugis
884 898 977 952 secun·
1023 901 1179 963 Minervae.
1210 907 1237 960 in
1251 908 1373 966 lanificio
1391 912 1492 967 doctis.

506 997 634 1049 ‹litatemr
655 1003 709 1046 tres
735 990 834 1043 etenim
865 987 977 1042 sustulit
1027 989 1094 1043 sima
1113 991 1178 1047 tuit:
1197 1013 1267 1064 quoe
1286 997 1350 1050 dum
1376 1000 1496 1072 improbe

506 1083 589 1140 filiae·
609 1091 637 1134 et
652 1078 686 1131 ud
700 1089 803 1149 tempus
822 1077 977 1148 nuptiarum
1033 1099 1101 1152 opus
1124 1097 1201 1135 suum
1221 1085 1359 1140 Minervae
1384 1101 1497 1161 prestu-

507 1187 592 1239 usque
603 1165 736 1239 perduxit·
747 1166 797 1218 Sed
809 1163 975 1218 incontinens
1027 1166 1117 1226 lineet.
1135 1180 1163 1223 et
1182 1187 1239 1222 esm
1259 1171 1376 1228 lanificio
1399 1195 1495 1247 provo·

507 1250 977 1330 virginumlingusinfelicitatissrll·
1025 1265 1130 1312 cesset,
1153 1273 1168 1307 a
1198 1257 1318 1312 Minervs
1338 1261 1366 1314 in
1384 1279 1496 1318 sermm

507 1352 550 1404 dit
571 1367 675 1403 cnusss.
703 1347 759 1399 llre
781 1345 851 1398 enim
882 1342 974 1396 ierun·
1026 1340 1069 1393 sui
1082 1344 1197 1398 nominis
1210 1345 1238 1398 id
1251 1359 1426 1404 estsrsnesm
1438 1369 1497 1408 eon·

508 1455 550 1496 tur
558 1438 719 1496 sollemniter
729 1434 856 1505 templum
866 1430 975 1486 lunonis
1026 1445 1118 1487 reme.
1128 1433 1223 1503 laqueo
1235 1435 1318 1489 vitam
1327 1437 1426 1492 finivit.
1439 1441 1499 1494 un.

505 1534 633 1586 intrcsse.
651 1539 680 1581 et
697 1525 798 1580 sedere
809 1521 974 1595 praetulisse·
1012 1520 1060 1572 de
1090 1533 1172 1578 semet
1195 1542 1274 1596 opere
1292 1545 1347 1596 quo
1364 1528 1497 1596 gaudebat

503 1621 573 1672 llinc
584 1619 681 1673 offensa
695 1618 761 1669 luno
778 1611 878 1685 puellos
890 1609 919 1662 in
937 1608 974 1660 iu·
1025 1603 1177 1674 irrigando.
1186 1628 1273 1667 casses
1288 1616 1316 1668 in
1331 1617 1386 1672 slto
1397 1633 1498 1690 semper

502 1724 598 1762 venees
618 1705 718 1760 vertit.
745 1712 773 1754 et
797 1697 973 1770 cupiditatem
1022 1691 1155 1749 inutiliter
1174 1699 1329 1768 suspendit.

502 1797 583 1851 silves
609 1791 716 1865 petendi
734 1787 842 1845 iniecit.
862 1785 928 1838 adeo
941 1792 973 1836 ut

502 1887 660 1958 plerumque
680 1879 834 1948 mugirent.
861 1885 889 1930 et
907 1872 973 1928 eollo
1145 1875 1360 1944 71.ue1tiobe

503 1972 566 2041 iuge
580 1971 721 2026 timerent.
734 1966 869 2020 credentes
879 1981 908 2016 se
917 1960 972 2033 lor-
1455 1963 1461 1969 '

499 2079 567 2114 mam
595 2059 692 2114 hebere
719 2073 866 2111 vaccarum.
894 2051 973 2121 Quod
1059 1985 1177 2101 Niobe
1190 2052 1298 2108 'l'sntsli
1309 2057 1349 2110 rel
1360 2057 1460 2129 Pelopis
1471 2062 1498 2112 fi-

498 2169 530 2205 eo
558 2167 641 2221 usque
663 2162 756 2218 possse
782 2153 863 2198 sunt.
890 2140 974 2192 donoc
1024 2130 1498 2212 lia.uxortmphionis.obinsoten-

501 2240 578 2309 regni
594 2247 695 2312 purtem
707 2271 714 2292 ,
726 2231 813 2302 siquis
824 2247 868 2284 ess
888 2228 914 2282 lu
925 2225 966 2295 psl
1026 2223 1093 2278 llum
1110 2238 1220 2298 pertus.
1235 2227 1368 2301 Apollinis
1387 2253 1417 2288 sc
1429 2237 1498 2288 Din-

496 2329 598 2384 etinum
612 2335 710 2379 stntum
733 2321 827 2375 mentis
842 2318 976 2372 restituis-
1027 2331 1078 2367 nee
1097 2333 1194 2370 numen
1212 2331 1322 2390 experts
1353 2335 1402 2377 est·
1430 2327 1498 2381 Nem

496 2429 551 2474 set.
570 2413 707 2488 proposuit
727 2414 835 2466 Proetus
847 2427 898 2461 nnc
917 2423 977 2459 cum
1028 2421 1086 2456 eum
1098 2422 1131 2457 ex
1145 2404 1295 2478 Amphione
1309 2409 1368 2463 Vll.
1382 2411 1446 2466 filiis
1461 2424 1500 2468 to·

497 2500 657 2570 coniuge-A
677 2499 806 2569 Melampu
818 2496 975 2552 nutemher·
1028 2491 1163 2561 tidemque
1181 2493 1331 2562 virginibus
1348 2498 1431 2551 editis
1451 2517 1498 2554 eo·

496 2591 588 2644 beriae
605 2589 670 2642 sctis
697 2586 857 2658 peritissimo
869 2585 977 2638 eredens
1028 2581 1426 2656 mitstsgnuderet5etquodsm
1434 2599 1499 2642 tcm-

496 2677 632 2732 Proetides
651 2673 685 2726 nb
696 2673 799 2726 insanis
823 2682 886 2724 suut
906 2671 975 2724 libe-
1025 2687 1091 2741 pore
1100 2672 1195 2725 Mento
1212 2672 1333 2726 Tiresiae
1346 2676 1400 2728 filis
1414 2695 1447 2730 ex
1461 2695 1499 2732 re·

496 2777 580 2829 retne5
590 2781 696 2833 unaque
712 2781 745 2815 ex
756 2760 904 2830 virginibus
925 2763 975 2816 du·
1000 2797 1007 2811 r
1026 2775 1122 2830 sponso
1137 2759 1276 2815 Thebanos
1293 2765 1455 2826 monuisset,
1467 2780 1500 2823 ut

390 2859 396 2871 ·
498 2863 559 2908 ctu.
576 2851 632 2923 ipso
645 2849 715 2904 lucto
726 2850 799 2918 regni
813 2859 935 2903 consorte
947 2859 975 2902 et
1026 2845 1142 2898 Letonue
1164 2857 1192 2900 et
1214 2847 1276 2901 liliis
1299 2850 1357 2903 eius
1377 2853 1496 2923 Apollini

505 2957 608 3012 genero.
1025 2945 1053 2988 et
1079 2935 1181 2988 Dinone
1203 2955 1292 3007 preces
1316 2937 1434 3006 ierrents
1455 2943 1500 2996 ills

1025 3023 1163 3076 sacrificiis
1174 3023 1300 3080 iuteresse
1308 3028 1411 3085 noluit.
1421 3047 1499 3101 prse-

608 3115 653 3190 ⁶9
671 3116 709 3169 De
727 3114 867 3183 Antigone·
1025 3111 1119 3168 dicens
1147 3133 1175 3169 se
1193 3117 1370 3186 potentiorem
1390 3119 1499 3173 numine

1023 3201 1141 3255 Latonae
1156 3220 1187 3256 sc
1201 3203 1272 3256 -iiliis
1285 3205 1342 3258 eius
1365 3219 1431 3259 esse.
1443 3207 1500 3260 lloc

538 3227 702 3346 Antigone
719 3276 906 3332 Laomedontis
925 3295 970 3332 re-
1024 3305 1084 3340 cum
1105 3290 1208 3343 Latona
1228 3292 1292 3345 liliis
1307 3293 1363 3346 suis
1382 3310 1501 3362 conque·

495 3369 535 3437 gis
554 3368 653 3422 troiani
672 3369 740 3426 filis.
754 3385 813 3420 cum
825 3385 854 3419 ⁵0
867 3366 967 3422 lunoni
1021 3389 1141 3437 seretur.
1158 3381 1253 3449 Apollo
1273 3393 1301 3435 et
1318 3382 1406 3435 Diuus
1431 3383 1497 3437 tecti

494 3455 637 3528 praeferret
650 3493 656 3514 ,
668 3454 702 3508 eb
711 3473 743 3508 eu
753 3465 860 3526 propter
870 3454 968 3508 formet
1021 3465 1138 3522 nubibus
1161 3467 1185 3518 T
1186 3469 1267 3523 hebns
1286 3481 1434 3529 venerunt,
1462 3489 1495 3524 cc

494 3545 676 3613 arrogentism
686 3559 812 3596 converse
825 3552 866 3596 est
887 3543 917 3594 iu
931 3541 967 3594 ei·
1018 3553 1122 3608 Nioben
1133 3573 1192 3610 cum
1202 3557 1327 3610 liliissuis
1336 3557 1497 3629 filiabusque

492 3635 604 3688 eonium.
1018 3655 1200 3696 necaverunt.
1231 3645 1382 3714 Peremptos
1410 3657 1499 3699 sutem

1021 3729 1094 3798 apud
1111 3729 1220 3784 Thebas
1234 3730 1332 3784 liberos
1354 3728 1440 3785 Niobe
1461 3731 1498 3785 ad

597 3825 644 3886 70.
665 3809 703 3860 De
730 3805 863 3862 Arachne.
1021 3821 1156 3889 patriam.
1175 3822 1285 3892 Sipylon
1302 3823 1405 3877 scilicet
1417 3846 1495 3881 mon-

491 3925 544 4040 Α
1021 3916 1088 3966 tem,
1109 3907 1210 3963 dicitur
1226 3911 1380 3981 reduxisse3
1396 3916 1497 3990 ipsem-

547 3984 643 4040 incline
659 4021 666 4043 .
687 4003 756 4055 quae
781 3995 808 4038 et
826 3984 914 4055 Libye
932 3989 977 4044 cli·
1052 4031 1054 4045 Α
