<?xml version="1.0" encoding="UTF-8"?>
<!DOCTYPE html PUBLIC "-//W3C//DTD XHTML 1.0 Transitional//EN"
    "http://www.w3.org/TR/xhtml1/DTD/xhtml1-transitional.dtd">
<html xmlns="http://www.w3.org/1999/xhtml" xml:lang="en" lang="en">
 <head>
  <title>
</title>
<meta http-equiv="Content-Type" content="text/html;charset=utf-8" />
  <meta name='ocr-system' content='tesseract 3.04.00' />
  <meta name='ocr-capabilities' content='ocr_page ocr_carea ocr_par ocr_line ocrx_word'/>
</head>
<body>
  <div class='ocr_page' id='page_1' title='image "./classicorumauct01vatigoog_0386.png"; bbox 0 0 3630 5334; ppageno 0'>
   <div class='ocr_carea' id='block_1_1' title="bbox 523 663 1276 736">
    <p class='ocr_par' dir='ltr' id='par_1_1' title="bbox 523 663 1276 736">
     <span class='ocr_line' id='line_1_1' title="bbox 523 663 1276 736; baseline -0.001 -3"><span class='ocrx_word' id='word_1_1' title='bbox 523 687 566 734; x_wconf 82' lang='lat' dir='ltr'><strong>or</strong></span> <span class='ocrx_word' id='word_1_2' title='bbox 580 681 801 734; x_wconf 76' lang='lat' dir='ltr'><strong>mirroructe</strong></span> <span class='ocrx_word' id='word_1_3' title='bbox 818 679 1050 736; x_wconf 77' lang='lat' dir='ltr'><strong>coortrronr.</strong></span> <span class='ocrx_word' id='word_1_4' title='bbox 1210 663 1276 734; x_wconf 75' lang='lat'><strong>323</strong></span> 
     </span>
    </p>
   </div>
   <div class='ocr_carea' id='block_1_2' title="bbox 254 825 1325 1076">
    <p class='ocr_par' dir='ltr' id='par_1_2' title="bbox 254 825 1325 1076">
     <span class='ocr_line' id='line_1_2' title="bbox 254 825 1325 962; baseline -0.003 -41"><span class='ocrx_word' id='word_1_5' title='bbox 254 835 372 954; x_wconf 86' lang='lat' dir='ltr'><strong>quasi</strong></span> <span class='ocrx_word' id='word_1_6' title='bbox 394 832 520 918; x_wconf 88' lang='lat' dir='ltr'><strong>totius</strong></span> <span class='ocrx_word' id='word_1_7' title='bbox 541 849 692 946; x_wconf 82' lang='lat' dir='ltr'><strong>partes.</strong></span> <span class='ocrx_word' id='word_1_8' title='bbox 707 825 887 914; x_wconf 91' lang='lat' dir='ltr'><strong>Nullum</strong></span> <span class='ocrx_word' id='word_1_9' title='bbox 898 829 1021 962; x_wconf 35' lang='lat' dir='ltr'><strong>‘enim</strong></span> <span class='ocrx_word' id='word_1_10' title='bbox 1041 831 1325 946; x_wconf 88' lang='lat' dir='ltr'><strong>compositum</strong></span> 
     </span>
     <span class='ocr_line' id='line_1_3' title="bbox 254 963 1324 1076; baseline -0.001 -41"><span class='ocrx_word' id='word_1_11' title='bbox 254 982 304 1035; x_wconf 84' lang='lat' dir='ltr'><strong>ex</strong></span> <span class='ocrx_word' id='word_1_12' title='bbox 324 977 408 1034; x_wconf 90' lang='lat' dir='ltr'><strong>una</strong></span> <span class='ocrx_word' id='word_1_13' title='bbox 429 965 547 1059; x_wconf 87' lang='lat' dir='ltr'><strong>parte</strong></span> <span class='ocrx_word' id='word_1_14' title='bbox 577 965 716 1028; x_wconf 88' lang='lat' dir='ltr'><strong>totum</strong></span> <span class='ocrx_word' id='word_1_15' title='bbox 741 963 868 1076; x_wconf 75' lang='lat' dir='ltr'><strong>atque</strong></span> <span class='ocrx_word' id='word_1_16' title='bbox 896 963 1105 1075; x_wconf 75' lang='lat' dir='ltr'><strong>rutegrum</strong></span> <span class='ocrx_word' id='word_1_17' title='bbox 1131 975 1219 1032; x_wconf 88' lang='lat' dir='ltr'><strong>esse</strong></span> <span class='ocrx_word' id='word_1_18' title='bbox 1249 977 1324 1062; x_wconf 90' lang='lat' dir='ltr'><strong>po·</strong></span> 
     </span>
    </p>
   </div>
   <div class='ocr_carea' id='block_1_3' title="bbox 245 1053 1324 3896">
    <p class='ocr_par' dir='ltr' id='par_1_3' title="bbox 253 1053 1324 1260">
     <span class='ocr_line' id='line_1_4' title="bbox 253 1053 1324 1174; baseline 0 -28"><span class='ocrx_word' id='word_1_19' title='bbox 253 1083 346 1148; x_wconf 81' lang='lat' dir='ltr'><strong>test·</strong></span> <span class='ocrx_word' id='word_1_20' title='bbox 365 1059 421 1145; x_wconf 86' lang='lat' dir='ltr'><strong>At</strong></span> <span class='ocrx_word' id='word_1_21' title='bbox 443 1059 487 1142; x_wconf 91' lang='lat' dir='ltr'><strong>in</strong></span> <span class='ocrx_word' id='word_1_22' title='bbox 514 1053 708 1174; x_wconf 87' lang='lat' dir='ltr'><strong>causa(1)</strong></span> <span class='ocrx_word' id='word_1_23' title='bbox 721 1077 962 1142; x_wconf 76' lang='lat' dir='ltr'><strong>constitutio</strong></span> <span class='ocrx_word' id='word_1_24' title='bbox 977 1087 1059 1140; x_wconf 89' lang='lat' dir='ltr'><strong>uua</strong></span> <span class='ocrx_word' id='word_1_25' title='bbox 1085 1056 1236 1145; x_wconf 88' lang='lat' dir='ltr'><strong>idonea</strong></span> <span class='ocrx_word' id='word_1_26' title='bbox 1258 1082 1324 1149; x_wconf 86' lang='lat' dir='ltr'><strong>est</strong></span> 
     </span>
     <span class='ocr_line' id='line_1_5' title="bbox 253 1174 698 1260; baseline -0.009 -2"><span class='ocrx_word' id='word_1_27' title='bbox 253 1174 502 1260; x_wconf 86' lang='lat' dir='ltr'><strong>constituere</strong></span> <span class='ocrx_word' id='word_1_28' title='bbox 520 1199 698 1255; x_wconf 88' lang='lat' dir='ltr'><strong>causam.</strong></span> 
     </span>
    </p>

    <p class='ocr_par' dir='ltr' id='par_1_4' title="bbox 245 1281 1323 3896">
     <span class='ocr_line' id='line_1_6' title="bbox 307 1281 1321 1400; baseline 0.006 -31"><span class='ocrx_word' id='word_1_29' title='bbox 307 1319 336 1400; x_wconf 89' lang='lat'><strong>9</strong></span> <span class='ocrx_word' id='word_1_30' title='bbox 363 1284 482 1394; x_wconf 90' lang='lat' dir='ltr'>Quid</span> <span class='ocrx_word' id='word_1_31' title='bbox 509 1285 634 1400; x_wconf 87' lang='lat' dir='ltr'><strong>igitur</strong></span> <span class='ocrx_word' id='word_1_32' title='bbox 657 1305 720 1368; x_wconf 89' lang='lat' dir='ltr'><strong>est</strong></span> <span class='ocrx_word' id='word_1_33' title='bbox 740 1281 1005 1368; x_wconf 84' lang='lat' dir='ltr'><strong>dicendum?</strong></span> <span class='ocrx_word' id='word_1_34' title='bbox 1027 1281 1148 1371; x_wconf 89' lang='lat' dir='ltr'><strong>Patet</strong></span> <span class='ocrx_word' id='word_1_35' title='bbox 1173 1289 1240 1372; x_wconf 89' lang='lat' dir='ltr'><strong>via</strong></span> <span class='ocrx_word' id='word_1_36' title='bbox 1262 1321 1321 1374; x_wconf 89' lang='lat' dir='ltr'><strong>ra·</strong></span> 
     </span>
     <span class='ocr_line' id='line_1_7' title="bbox 252 1397 1322 1514; baseline 0.002 -28"><span class='ocrx_word' id='word_1_37' title='bbox 252 1401 368 1486; x_wconf 90' lang='lat' dir='ltr'><strong>tioni.</strong></span> <span class='ocrx_word' id='word_1_38' title='bbox 393 1397 543 1514; x_wconf 87' lang='lat' dir='ltr'><strong>Neque</strong></span> <span class='ocrx_word' id='word_1_39' title='bbox 578 1397 690 1498; x_wconf 85' lang='lat' dir='ltr'><strong>enim</strong></span> <span class='ocrx_word' id='word_1_40' title='bbox 721 1425 866 1482; x_wconf 87' lang='lat' dir='ltr'><strong>causae</strong></span> <span class='ocrx_word' id='word_1_41' title='bbox 898 1397 987 1482; x_wconf 88' lang='lat' dir='ltr'><strong>eius</strong></span> <span class='ocrx_word' id='word_1_42' title='bbox 1021 1425 1117 1510; x_wconf 86' lang='lat' dir='ltr'><strong>pars</strong></span> <span class='ocrx_word' id='word_1_43' title='bbox 1148 1427 1238 1488; x_wconf 82' lang='lat' dir='ltr'><strong>esse</strong></span> <span class='ocrx_word' id='word_1_44' title='bbox 1262 1401 1322 1488; x_wconf 93' lang='lat' dir='ltr'><strong>di·</strong></span> 
     </span>
     <span class='ocr_line' id='line_1_8' title="bbox 253 1511 1323 1629; baseline 0.004 -31"><span class='ocrx_word' id='word_1_45' title='bbox 253 1514 359 1598; x_wconf 87' lang='lat' dir='ltr'><strong>eitur</strong></span> <span class='ocrx_word' id='word_1_46' title='bbox 383 1511 655 1614; x_wconf 85' lang='lat' dir='ltr'><strong>constituti0‚</strong></span> <span class='ocrx_word' id='word_1_47' title='bbox 686 1511 857 1629; x_wconf 89' lang='lat' dir='ltr'><strong>quaein</strong></span> <span class='ocrx_word' id='word_1_48' title='bbox 890 1515 1215 1600; x_wconf 84' lang='lat' dir='ltr'><strong>controversiam</strong></span> <span class='ocrx_word' id='word_1_49' title='bbox 1241 1545 1323 1602; x_wconf 90' lang='lat' dir='ltr'><strong>ve-</strong></span> 
     </span>
     <span class='ocr_line' id='line_1_9' title="bbox 252 1621 1323 1744; baseline 0.004 -34"><span class='ocrx_word' id='word_1_50' title='bbox 252 1627 350 1729; x_wconf 83' lang='lat' dir='ltr'><strong>nit,</strong></span> <span class='ocrx_word' id='word_1_51' title='bbox 384 1647 425 1710; x_wconf 92' lang='lat' dir='ltr'><strong>et</strong></span> <span class='ocrx_word' id='word_1_52' title='bbox 451 1653 579 1740; x_wconf 88' lang='lat' dir='ltr'><strong>quam</strong></span> <span class='ocrx_word' id='word_1_53' title='bbox 606 1642 737 1710; x_wconf 86' lang='lat' dir='ltr'><strong>status</strong></span> <span class='ocrx_word' id='word_1_54' title='bbox 781 1621 999 1708; x_wconf 87' lang='lat' dir='ltr'><strong>constituit</strong></span> <span class='ocrx_word' id='word_1_55' title='bbox 1026 1654 1038 1709; x_wconf 77' lang='grc' dir='ltr'><strong><em>ε</em></strong></span> <span class='ocrx_word' id='word_1_56' title='bbox 1069 1653 1166 1713; x_wconf 89' lang='lat' dir='ltr'><strong>cum</strong></span> <span class='ocrx_word' id='word_1_57' title='bbox 1193 1659 1323 1744; x_wconf 90' lang='lat' dir='ltr'><strong>prae-</strong></span> 
     </span>
     <span class='ocr_line' id='line_1_10' title="bbox 250 1733 1323 1854; baseline 0.006 -30"><span class='ocrx_word' id='word_1_58' title='bbox 250 1741 393 1825; x_wconf 82' lang='lat' dir='ltr'>sertim</span> <span class='ocrx_word' id='word_1_59' title='bbox 419 1738 494 1854; x_wconf 91' lang='lat' dir='ltr'><strong>qui</strong></span> <span class='ocrx_word' id='word_1_60' title='bbox 523 1736 734 1821; x_wconf 87' lang='lat' dir='ltr'><strong>adduntur</strong></span> <span class='ocrx_word' id='word_1_61' title='bbox 765 1733 818 1821; x_wconf 87' lang='lat' dir='ltr'><strong>ad</strong></span> <span class='ocrx_word' id='word_1_62' title='bbox 849 1763 1014 1826; x_wconf 87' lang='lat' dir='ltr'><strong>causum</strong></span> <span class='ocrx_word' id='word_1_63' title='bbox 1042 1759 1174 1828; x_wconf 86' lang='lat' dir='ltr'><strong>status</strong></span> <span class='ocrx_word' id='word_1_64' title='bbox 1200 1800 1214 1846; x_wconf 88' lang='lat'>‚</span> <span class='ocrx_word' id='word_1_65' title='bbox 1236 1742 1323 1830; x_wconf 90' lang='lat' dir='ltr'><strong>iam</strong></span> 
     </span>
     <span class='ocr_line' id='line_1_11' title="bbox 250 1846 1320 1971; baseline 0.007 -35"><span class='ocrx_word' id='word_1_66' title='bbox 250 1883 334 1936; x_wconf 90' lang='lat' dir='ltr'><strong>una</strong></span> <span class='ocrx_word' id='word_1_67' title='bbox 365 1851 665 1936; x_wconf 86' lang='lat' dir='ltr'><strong>constitutione</strong></span> <span class='ocrx_word' id='word_1_68' title='bbox 695 1846 893 1954; x_wconf 85' lang='lat' dir='ltr'><strong>firmata,</strong></span> <span class='ocrx_word' id='word_1_69' title='bbox 924 1879 1008 1936; x_wconf 91' lang='lat' dir='ltr'><strong>non</strong></span> <span class='ocrx_word' id='word_1_70' title='bbox 1037 1851 1092 1938; x_wconf 91' lang='lat' dir='ltr'><strong>sit</strong></span> <span class='ocrx_word' id='word_1_71' title='bbox 1112 1855 1320 1971; x_wconf 87' lang='lat' dir='ltr'><strong>principa·</strong></span> 
     </span>
     <span class='ocr_line' id='line_1_12' title="bbox 250 1961 1321 2084; baseline 0.008 -36"><span class='ocrx_word' id='word_1_72' title='bbox 250 1964 301 2051; x_wconf 87' lang='lat' dir='ltr'><strong>lis</strong></span> <span class='ocrx_word' id='word_1_73' title='bbox 332 1963 408 2052; x_wconf 91' lang='lat' dir='ltr'><strong>sed</strong></span> <span class='ocrx_word' id='word_1_74' title='bbox 436 1961 661 2066; x_wconf 87' lang='lat' dir='ltr'><strong>accidens;</strong></span> <span class='ocrx_word' id='word_1_75' title='bbox 704 1983 833 2080; x_wconf 88' lang='lat' dir='ltr'><strong>atque</strong></span> <span class='ocrx_word' id='word_1_76' title='bbox 864 1961 908 2047; x_wconf 92' lang='lat' dir='ltr'><strong>in</strong></span> <span class='ocrx_word' id='word_1_77' title='bbox 924 1981 1020 2050; x_wconf 85' lang='lat' dir='ltr'><strong>&#39;uno</strong></span> <span class='ocrx_word' id='word_1_78' title='bbox 1058 1969 1226 2084; x_wconf 87' lang='lat' dir='ltr'><strong>negotio</strong></span> <span class='ocrx_word' id='word_1_79' title='bbox 1255 1991 1321 2057; x_wconf 87' lang='lat' dir='ltr'><strong>tot</strong></span> 
     </span>
     <span class='ocr_line' id='line_1_13' title="bbox 248 2077 1320 2192; baseline 0.006 -29"><span class='ocrx_word' id='word_1_80' title='bbox 248 2081 419 2164; x_wconf 84' lang='lat' dir='ltr'><strong>veniant</strong></span> <span class='ocrx_word' id='word_1_81' title='bbox 452 2077 752 2162; x_wconf 86' lang='lat' dir='ltr'><strong>controversiae</strong></span> <span class='ocrx_word' id='word_1_82' title='bbox 784 2097 890 2192; x_wconf 92' lang='lat' dir='ltr'><strong>quot</strong></span> <span class='ocrx_word' id='word_1_83' title='bbox 917 2101 1016 2164; x_wconf 88' lang='lat' dir='ltr'><strong>sunt</strong></span> <span class='ocrx_word' id='word_1_84' title='bbox 1047 2081 1320 2169; x_wconf 84' lang='lat' dir='ltr'><strong>constitutio-</strong></span> 
     </span>
     <span class='ocr_line' id='line_1_14' title="bbox 249 2189 1320 2305; baseline 0.006 -29"><span class='ocrx_word' id='word_1_85' title='bbox 249 2223 336 2278; x_wconf 87' lang='lat' dir='ltr'><strong>nes.</strong></span> <span class='ocrx_word' id='word_1_86' title='bbox 361 2189 446 2277; x_wconf 89' lang='lat' dir='ltr'><strong>Sed</strong></span> <span class='ocrx_word' id='word_1_87' title='bbox 475 2210 581 2305; x_wconf 89' lang='lat' dir='ltr'><strong>quot</strong></span> <span class='ocrx_word' id='word_1_88' title='bbox 609 2191 938 2295; x_wconf 85' lang='lat' dir='ltr'><strong>controversiae,</strong></span> <span class='ocrx_word' id='word_1_89' title='bbox 968 2212 1030 2277; x_wconf 88' lang='lat' dir='ltr'><strong>tot</strong></span> <span class='ocrx_word' id='word_1_90' title='bbox 1065 2223 1245 2284; x_wconf 86' lang='lat' dir='ltr'><strong>causae:</strong></span> <span class='ocrx_word' id='word_1_91' title='bbox 1277 2219 1320 2283; x_wconf 87' lang='lat' dir='ltr'><strong>et</strong></span> 
     </span>
     <span class='ocr_line' id='line_1_15' title="bbox 248 2303 1315 2419; baseline 0.006 -31"><span class='ocrx_word' id='word_1_92' title='bbox 248 2303 349 2390; x_wconf 87' lang='lat' dir='ltr'><strong>lieet</strong></span> <span class='ocrx_word' id='word_1_93' title='bbox 379 2335 447 2392; x_wconf 88' lang='lat' dir='ltr'><strong>eas</strong></span> <span class='ocrx_word' id='word_1_94' title='bbox 477 2332 611 2388; x_wconf 91' lang='lat' dir='ltr'><strong>unum</strong></span> <span class='ocrx_word' id='word_1_95' title='bbox 642 2303 853 2387; x_wconf 89' lang='lat' dir='ltr'><strong>contineat</strong></span> <span class='ocrx_word' id='word_1_96' title='bbox 885 2309 1137 2419; x_wconf 83' lang='lat' dir='ltr'><strong>negotium,</strong></span> <span class='ocrx_word' id='word_1_97' title='bbox 1169 2339 1315 2396; x_wconf 85' lang='lat' dir='ltr'><strong>causae</strong></span> 
     </span>
     <span class='ocr_line' id='line_1_16' title="bbox 250 2415 1320 2541; baseline 0.005 -40"><span class='ocrx_word' id='word_1_98' title='bbox 250 2439 391 2504; x_wconf 84' lang='lat' dir='ltr'><strong>tamen</strong></span> <span class='ocrx_word' id='word_1_99' title='bbox 410 2417 697 2530; x_wconf 84' lang='lat' dir='ltr'><strong>impermixtae</strong></span> <span class='ocrx_word' id='word_1_100' title='bbox 722 2415 803 2504; x_wconf 87' lang='lat' dir='ltr'><strong>sibi</strong></span> <span class='ocrx_word' id='word_1_101' title='bbox 825 2420 1046 2505; x_wconf 87' lang='lat' dir='ltr'><strong>variantur.</strong></span> <span class='ocrx_word' id='word_1_102' title='bbox 1065 2423 1125 2512; x_wconf 89' lang='lat' dir='ltr'><strong>Ut</strong></span> <span class='ocrx_word' id='word_1_103' title='bbox 1147 2428 1224 2541; x_wconf 92' lang='lat' dir='ltr'><strong>qui</strong></span> <span class='ocrx_word' id='word_1_104' title='bbox 1245 2425 1320 2508; x_wconf 88' lang='lat' dir='ltr'><strong>iu-</strong></span> 
     </span>
     <span class='ocr_line' id='line_1_17' title="bbox 248 2529 1318 2653; baseline 0.006 -37"><span class='ocrx_word' id='word_1_105' title='bbox 248 2561 399 2617; x_wconf 87' lang='lat' dir='ltr'><strong>venem</strong></span> <span class='ocrx_word' id='word_1_106' title='bbox 436 2531 489 2616; x_wconf 90' lang='lat' dir='ltr'><strong>de</strong></span> <span class='ocrx_word' id='word_1_107' title='bbox 528 2529 715 2642; x_wconf 86' lang='lat' dir='ltr'><strong>lupanari</strong></span> <span class='ocrx_word' id='word_1_108' title='bbox 757 2553 975 2618; x_wconf 82' lang='lat' dir='ltr'><strong>exeuntem</strong></span> <span class='ocrx_word' id='word_1_109' title='bbox 1014 2533 1157 2635; x_wconf 86' lang='lat' dir='ltr'><strong>vidit,</strong></span> <span class='ocrx_word' id='word_1_110' title='bbox 1191 2538 1318 2653; x_wconf 85' lang='lat' dir='ltr'><strong>paulo</strong></span> 
     </span>
     <span class='ocr_line' id='line_1_18' title="bbox 247 2641 1319 2768; baseline -0.007 -39"><span class='ocrx_word' id='word_1_111' title='bbox 247 2667 343 2758; x_wconf 85' lang='lat' dir='ltr'><strong>post</strong></span> <span class='ocrx_word' id='word_1_112' title='bbox 360 2645 414 2732; x_wconf 92' lang='lat' dir='ltr'><strong>de</strong></span> <span class='ocrx_word' id='word_1_113' title='bbox 442 2641 591 2728; x_wconf 87' lang='lat' dir='ltr'><strong>eodem</strong></span> <span class='ocrx_word' id='word_1_114' title='bbox 613 2643 707 2728; x_wconf 89' lang='lat' dir='ltr'><strong>loco</strong></span> <span class='ocrx_word' id='word_1_115' title='bbox 721 2675 892 2728; x_wconf 81' lang='lat' dir='ltr'><strong>uxorem</strong></span> <span class='ocrx_word' id='word_1_116' title='bbox 919 2675 1037 2734; x_wconf 90' lang='lat' dir='ltr'><strong>suam</strong></span> <span class='ocrx_word' id='word_1_117' title='bbox 1059 2651 1166 2740; x_wconf 85' lang='lat' dir='ltr'><strong>vidit</strong></span> <span class='ocrx_word' id='word_1_118' title='bbox 1187 2682 1319 2768; x_wconf 73' lang='lat' dir='ltr'><strong>egres.</strong></span> 
     </span>
     <span class='ocr_line' id='line_1_19' title="bbox 247 2757 1317 2862; baseline 0.007 -18"><span class='ocrx_word' id='word_1_119' title='bbox 247 2787 374 2862; x_wconf 85' lang='lat' dir='ltr'><strong>sam,</strong></span> <span class='ocrx_word' id='word_1_120' title='bbox 407 2777 571 2844; x_wconf 87' lang='lat' dir='ltr'><strong>accusat</strong></span> <span class='ocrx_word' id='word_1_121' title='bbox 604 2759 798 2842; x_wconf 88' lang='lat' dir='ltr'><strong>iuvenem</strong></span> <span class='ocrx_word' id='word_1_122' title='bbox 834 2757 1040 2848; x_wconf 89' lang='lat' dir='ltr'><strong>adulterii.</strong></span> <span class='ocrx_word' id='word_1_123' title='bbox 1070 2763 1151 2852; x_wconf 87' lang='lat' dir='ltr'><strong>Hie</strong></span> <span class='ocrx_word' id='word_1_124' title='bbox 1181 2797 1317 2853; x_wconf 93' lang='lat' dir='ltr'><strong>unum</strong></span> 
     </span>
     <span class='ocr_line' id='line_1_20' title="bbox 247 2869 1316 2990; baseline 0.01 -35"><span class='ocrx_word' id='word_1_125' title='bbox 247 2873 461 2990; x_wconf 83' lang='lat' dir='ltr'><strong>negotium</strong></span> <span class='ocrx_word' id='word_1_126' title='bbox 499 2869 616 2987; x_wconf 90' lang='lat' dir='ltr'><strong>quod</strong></span> <span class='ocrx_word' id='word_1_127' title='bbox 648 2871 826 2956; x_wconf 85' lang='lat' dir='ltr'><strong>vertitur</strong></span> <span class='ocrx_word' id='word_1_128' title='bbox 862 2895 957 2975; x_wconf 82' lang='lat' dir='ltr'><strong>est;</strong></span> <span class='ocrx_word' id='word_1_129' title='bbox 990 2905 1136 2968; x_wconf 82' lang='lat' dir='ltr'><strong>causae</strong></span> <span class='ocrx_word' id='word_1_130' title='bbox 1174 2901 1316 2967; x_wconf 90' lang='lat' dir='ltr'><strong>autem</strong></span> 
     </span>
     <span class='ocr_line' id='line_1_21' title="bbox 246 2983 1316 3105; baseline 0.009 -35"><span class='ocrx_word' id='word_1_131' title='bbox 246 2983 357 3072; x_wconf 83' lang='lat' dir='ltr'><strong>dune</strong></span> <span class='ocrx_word' id='word_1_132' title='bbox 378 3018 390 3071; x_wconf 91' lang='lat'>:</span> <span class='ocrx_word' id='word_1_133' title='bbox 423 3016 507 3070; x_wconf 89' lang='lat' dir='ltr'><strong>una</strong></span> <span class='ocrx_word' id='word_1_134' title='bbox 531 2984 849 3089; x_wconf 84' lang='lat' dir='ltr'><strong>coniecturalis,</strong></span> <span class='ocrx_word' id='word_1_135' title='bbox 873 2988 909 3072; x_wconf 93' lang='lat' dir='ltr'><strong>si</strong></span> <span class='ocrx_word' id='word_1_136' title='bbox 934 3011 1056 3105; x_wconf 90' lang='lat' dir='ltr'><strong>neget</strong></span> <span class='ocrx_word' id='word_1_137' title='bbox 1072 3020 1118 3080; x_wconf 85' lang='lat' dir='ltr'><strong>se</strong></span> <span class='ocrx_word' id='word_1_138' title='bbox 1139 2993 1316 3082; x_wconf 83' lang='lat' dir='ltr'><strong>secisse:</strong></span> 
     </span>
     <span class='ocr_line' id='line_1_22' title="bbox 247 3095 1317 3211; baseline 0.008 -29"><span class='ocrx_word' id='word_1_139' title='bbox 247 3099 375 3184; x_wconf 83' lang='lat' dir='ltr'><strong>altera</strong></span> <span class='ocrx_word' id='word_1_140' title='bbox 402 3095 593 3201; x_wconf 85' lang='lat' dir='ltr'><strong>linitiva,</strong></span> <span class='ocrx_word' id='word_1_141' title='bbox 612 3099 647 3184; x_wconf 89' lang='lat' dir='ltr'><strong>si</strong></span> <span class='ocrx_word' id='word_1_142' title='bbox 664 3097 707 3180; x_wconf 92' lang='lat' dir='ltr'><strong>in</strong></span> <span class='ocrx_word' id='word_1_143' title='bbox 722 3095 909 3211; x_wconf 80' lang='lat' dir='ltr'><strong>lupanari</strong></span> <span class='ocrx_word' id='word_1_144' title='bbox 933 3101 1209 3192; x_wconf 87' lang='lat' dir='ltr'><strong>concubitum</strong></span> <span class='ocrx_word' id='word_1_145' title='bbox 1231 3138 1317 3194; x_wconf 92' lang='lat' dir='ltr'><strong>non</strong></span> 
     </span>
     <span class='ocr_line' id='line_1_23' title="bbox 246 3201 1316 3338; baseline 0.011 -42"><span class='ocrx_word' id='word_1_146' title='bbox 246 3201 360 3298; x_wconf 84' lang='lat' dir='ltr'><strong>dicat</strong></span> <span class='ocrx_word' id='word_1_147' title='bbox 389 3241 509 3327; x_wconf 85' lang='lat' dir='ltr'><strong>posse</strong></span> <span class='ocrx_word' id='word_1_148' title='bbox 536 3209 788 3295; x_wconf 88' lang='lat' dir='ltr'><strong>adulterium</strong></span> <span class='ocrx_word' id='word_1_149' title='bbox 810 3214 960 3325; x_wconf 87' lang='lat' dir='ltr'><strong>putari·</strong></span> <span class='ocrx_word' id='word_1_150' title='bbox 977 3215 1063 3302; x_wconf 90' lang='lat' dir='ltr'><strong>Sed</strong></span> <span class='ocrx_word' id='word_1_151' title='bbox 1087 3250 1226 3338; x_wconf 82' lang='lat' dir='ltr'><strong>neque</strong></span> <span class='ocrx_word' id='word_1_152' title='bbox 1246 3253 1316 3308; x_wconf 91' lang='lat' dir='ltr'><strong>ne·</strong></span> 
     </span>
     <span class='ocr_line' id='line_1_24' title="bbox 245 3321 1316 3442; baseline 0.01 -31"><span class='ocrx_word' id='word_1_153' title='bbox 245 3328 390 3442; x_wconf 82' lang='lat' dir='ltr'><strong>genti,</strong></span> <span class='ocrx_word' id='word_1_154' title='bbox 409 3355 503 3440; x_wconf 86' lang='lat' dir='ltr'><strong>pars</strong></span> <span class='ocrx_word' id='word_1_155' title='bbox 540 3345 604 3410; x_wconf 85' lang='lat' dir='ltr'><strong>est</strong></span> <span class='ocrx_word' id='word_1_156' title='bbox 636 3321 826 3409; x_wconf 89' lang='lat' dir='ltr'><strong>eiusdem</strong></span> <span class='ocrx_word' id='word_1_157' title='bbox 859 3333 1316 3422; x_wconf 78' lang='lat' dir='ltr'><strong>controversiaeconie·</strong></span> 
     </span>
     <span class='ocr_line' id='line_1_25' title="bbox 245 3435 1315 3553; baseline 0.01 -31"><span class='ocrx_word' id='word_1_158' title='bbox 245 3439 412 3526; x_wconf 85' lang='lat' dir='ltr'><strong>eturalis</strong></span> <span class='ocrx_word' id='word_1_159' title='bbox 446 3459 606 3525; x_wconf 84' lang='lat' dir='ltr'><strong>status:</strong></span> <span class='ocrx_word' id='word_1_160' title='bbox 636 3467 776 3553; x_wconf 89' lang='lat' dir='ltr'><strong>neque</strong></span> <span class='ocrx_word' id='word_1_161' title='bbox 808 3435 1025 3527; x_wconf 87' lang='lat' dir='ltr'><strong>definienti</strong></span> <span class='ocrx_word' id='word_1_162' title='bbox 1048 3504 1062 3550; x_wconf 89' lang='lat'>‚</span> <span class='ocrx_word' id='word_1_163' title='bbox 1085 3442 1279 3532; x_wconf 84' lang='lat' dir='ltr'><strong>definitio</strong></span> <span class='ocrx_word' id='word_1_164' title='bbox 1303 3481 1315 3534; x_wconf 75' lang='grc' dir='ltr'><strong><em>ε</em></strong></span> 
     </span>
     <span class='ocr_line' id='line_1_26' title="bbox 247 3552 1315 3646; baseline 0.01 -10"><span class='ocrx_word' id='word_1_165' title='bbox 247 3571 378 3638; x_wconf 87' lang='lat' dir='ltr'><strong>totam</strong></span> <span class='ocrx_word' id='word_1_166' title='bbox 405 3552 517 3638; x_wconf 88' lang='lat' dir='ltr'><strong>enim</strong></span> <span class='ocrx_word' id='word_1_167' title='bbox 546 3552 732 3636; x_wconf 90' lang='lat' dir='ltr'><strong>continet</strong></span> <span class='ocrx_word' id='word_1_168' title='bbox 763 3581 941 3639; x_wconf 86' lang='lat' dir='ltr'><strong>oausam.</strong></span> <span class='ocrx_word' id='word_1_169' title='bbox 968 3557 1150 3646; x_wconf 87' lang='lat' dir='ltr'><strong>Causam</strong></span> <span class='ocrx_word' id='word_1_170' title='bbox 1174 3582 1315 3646; x_wconf 89' lang='lat' dir='ltr'><strong>autem</strong></span> 
     </span>
     <span class='ocr_line' id='line_1_27' title="bbox 245 3664 1317 3780; baseline 0.009 -30"><span class='ocrx_word' id='word_1_171' title='bbox 245 3695 351 3750; x_wconf 87' lang='lat' dir='ltr'><strong>voco</strong></span> <span class='ocrx_word' id='word_1_172' title='bbox 371 3696 456 3751; x_wconf 91' lang='lat' dir='ltr'><strong>non</strong></span> <span class='ocrx_word' id='word_1_173' title='bbox 476 3664 749 3780; x_wconf 84' lang='lat' dir='ltr'><strong>generaliter,</strong></span> <span class='ocrx_word' id='word_1_174' title='bbox 779 3667 854 3754; x_wconf 88' lang='lat' dir='ltr'><strong>sed</strong></span> <span class='ocrx_word' id='word_1_175' title='bbox 875 3673 1198 3760; x_wconf 81' lang='lat' dir='ltr'><strong>controversiam</strong></span> <span class='ocrx_word' id='word_1_176' title='bbox 1221 3703 1317 3760; x_wconf 89' lang='lat' dir='ltr'><strong>eou-</strong></span> 
     </span>
     <span class='ocr_line' id='line_1_28' title="bbox 247 3775 863 3896; baseline 0.005 -35"><span class='ocrx_word' id='word_1_177' title='bbox 247 3780 462 3865; x_wconf 85' lang='lat' dir='ltr'><strong>stitutione</strong></span> <span class='ocrx_word' id='word_1_178' title='bbox 483 3779 621 3896; x_wconf 88' lang='lat' dir='ltr'><strong>aliqua</strong></span> <span class='ocrx_word' id='word_1_179' title='bbox 639 3775 863 3866; x_wconf 85' lang='lat' dir='ltr'><strong>firmatam.</strong></span> 
     </span>
    </p>
   </div>
   <div class='ocr_carea' id='block_1_4' title="bbox 315 4041 447 4166">
    <p class='ocr_par' dir='ltr' id='par_1_5' title="bbox 315 4041 581 4166">
     <span class='ocr_line' id='line_1_29' title="bbox 315 4041 447 4166; baseline 0.008 -30"><span class='ocrx_word' id='word_1_180' title='bbox 315 4041 581 4166; x_wconf 61' lang='lat' dir='ltr'><strong>orcam</strong></span> 
     </span>
    </p>
   </div>
   <div class='ocr_carea' id='block_1_5' title="bbox 0 0 1820 5334">
    <p class='ocr_par' dir='ltr' id='par_1_6' title="bbox 0 0 1820 5334">
     <span class='ocr_line' id='line_1_30' title="bbox 0 0 1820 5334; baseline 0 5"><span class='ocrx_word' id='word_1_181' title='bbox 0 0 1820 5334; x_wconf 95' lang='lat' dir='ltr'><strong> </strong></span> 
     </span>
    </p>
   </div>
  </div>
 </body>
</html>
