3606 5356
550 567 626 663 472
921 575 1165 626 punctos

578 737 832 824 crediderunt,
852 741 938 838 quia
958 741 1057 809 limes
1079 751 1113 808 et
1132 742 1240 809 ianua
1259 749 1339 808 sunt
1354 745 1450 812 amsi.
1477 741 1593 812 Fe-

580 862 752 938 bruarius
774 863 900 933 metuis
921 885 943 930 a
966 856 1120 932 Februo
1142 857 1231 930 idest
1254 859 1433 946 Plutone,
1457 869 1587 963 quia

581 983 787 1054 ianuarium
805 977 874 1050 diis
896 981 1065 1077 superis,
1077 973 1317 1078 februarium
1344 977 1413 1050 diis
1437 985 1582 1050 rmnt-

584 1101 650 1175 bus
669 1109 979 1174 consecrarerunt.
998 1096 1102 1192 Ergo
1107 1092 1330 1197 februarius
1346 1123 1369 1168 a
1390 1097 1461 1169 deo
1476 1099 1580 1170 Fe-

582 1221 675 1295 bruo
688 1218 784 1290 idest
800 1217 966 1288 Pleuone.
985 1214 1123 1288 Mensis
1128 1212 1350 1316 februarius
1363 1217 1481 1292 dictus
1506 1234 1577 1292 est

470 1377 476 1392 ·
501 1375 507 1390 ·
585 1355 718 1415 natura
719 1332 837 1441 febre
845 1336 874 1408 ⁹.
886 1334 1047 1408 Martius
1061 1334 1216 1421 Martis,
1235 1336 1377 1439 Aprilis
1395 1337 1576 1412 Veneris

585 1459 871 1564 quusiaproilis,
889 1459 976 1557 quia
993 1481 1129 1552 graece
1143 1455 1332 1567 Ἀφροδίτη
1357 1459 1401 1532 V
1394 1483 1485 1530 erues
1506 1459 1572 1532 di·

586 1584 710 1663 citur,
734 1575 906 1679 quodtex
927 1579 1038 1648 maris
1059 1599 1185 1675 spuma
1208 1575 1353 1649 dicatur
1374 1602 1449 1648 esse
1467 1603 1571 1678 pro·

587 1701 732 1798 genita:
759 1693 868 1804 ἅφρός
908 1700 1002 1768 enim
1035 1721 1171 1792 graece
1204 1721 1332 1795 spuma
1369 1710 1455 1768 est:
1501 1701 1570 1768 vel

587 1821 714 1920 aprilis
744 1813 824 1887 ideo
849 1819 936 1917 quin
962 1811 1032 1888 boc
1062 1839 1180 1886 mense
1197 1829 1321 1890 terrae
1340 1821 1453 1888 omnis
1472 1842 1569 1916 ape-

586 1941 685 2010 ritur
699 1934 866 2037 fructus.
893 1933 1020 2004 Maius·
1047 1958 1069 2002 α
1088 1932 1195 2004 Maia
1213 1947 1328 2004 matre
1347 1933 1567 2018 Mercurii,

591 2061 691 2133 veta
721 2051 916 2126 maioribus
939 2055 1005 2155 qui
1031 2066 1135 2123 erant
1154 2055 1341 2153 principes
1365 2057 1422 2124 rei
1436 2051 1568 2153 publi·

590 2202 666 2252 cae.
692 2173 795 2250 Nam
819 2197 930 2246 tutum
965 2197 1119 2244 mensem
1150 2170 1378 2263 nmioribus;
1410 2198 1564 2275 sequen-

591 2309 663 2368 tem
689 2295 830 2392 aruiqui
858 2287 1058 2362 tatoribus
1084 2305 1363 2364 consecrarunt:
1397 2291 1493 2363 urtde
1522 2307 1563 2362 et

591 2417 712 2487 iustius
737 2411 879 2483 dicitur.
905 2410 1024 2482 Iuliees
1058 2414 1097 2480 in
1131 2407 1304 2484 honorem
1348 2409 1432 2482 Gaii
1465 2411 1563 2484 Iulii

594 2531 764 2606 Caesaris
789 2533 1018 2629 imperatoris
1036 2533 1187 2600 romani.
1214 2528 1421 2625 Augusntm
1439 2533 1477 2600 in
1496 2527 1559 2602 bo-

590 2675 718 2722 norem
741 2647 900 2745 Augusti
924 2651 1030 2720 simili
1055 2647 1160 2720 modo
1188 2652 1416 2750 imperatoris
1441 2674 1556 2722 roma-

592 2773 652 2853 ni,
681 2770 747 2869 qui
780 2765 934 2838 Caesari
970 2769 1149 2839 successit.
1189 2764 1404 2866 September
1437 2795 1459 2838 a
1493 2794 1556 2840 nu-

593 2911 720 2971 mero,
751 2889 838 2988 qiua
865 2888 1033 2986 septimus
1060 2900 1132 2973 est;
1161 2901 1201 2958 ut
1227 2885 1374 2961 october
1393 2891 1479 2990 quia
1496 2914 1551 2962 oc·

593 3020 703 3080 urus.
723 3004 899 3078 Similiter
928 3021 963 3078 et
981 3005 1171 3080 november
1190 3011 1276 3109 qttia
1294 3033 1410 3081 nomes
1431 3023 1499 3081 est:
1518 3025 1552 3081 et

594 3136 644 3204 iu
668 3127 859 3205 december
884 3135 971 3232 quein
1001 3129 1159 3202 decimus
1182 3145 1234 3202 est
1257 3136 1392 3204 mensis.

545 3250 860 3354 Iuspraetorium,
879 3251 1169 3349 iurispraetorii,
1188 3253 1473 3350 iuripraetorio,
1491 3254 1555 3320 ius-

592 3372 820 3472 praetorium
841 3423 856 3454 ,
887 3391 911 3440 o
945 3371 1224 3468 iusprnetorium
1242 3424 1257 3455 ,
1291 3366 1339 3441 ab
1369 3367 1439 3443 boc
1467 3373 1554 3442 iure

593 3492 793 3590 praetorio.

547 3608 742 3686 Intendere
771 3621 891 3680 autem
918 3611 1029 3680 multa
1059 3607 1204 3710 qteidem
1233 3608 1416 3708 signrficat.
1443 3609 1551 3682 Imen-

598 3725 709 3812 dere,
727 3723 934 3812 abducere,
953 3751 1160 3811 coronare,
1180 3729 1390 3822 belligare,
1416 3741 1456 3798 ut
1477 3725 1512 3802 V
1508 3731 1551 3800 ir·

597 3849 726 3942 gilius,
745 3844 964 3946 intenditque
979 3848 1099 3917 locum
1116 3848 1229 3918 sertis.
1247 3843 1343 3917 Item
1361 3845 1549 3930 intendere,

597 3969 736 4039 minari.
758 3963 969 4053 Sallustius,
990 3991 1130 4040 manum
1148 3970 1184 4038 in
1202 3989 1241 4038 os
1261 3964 1416 4040 tendens.
1437 3965 1549 4040 Intem
