3630 5338
511 647 577 724 292
802 619 1012 696 resume
1035 621 1202 698 uovec.

516 797 598 868 XV.
621 811 695 863 ooo
718 809 903 864 tereres
924 811 1073 864 eroum
1096 811 1221 863 erres
1245 807 1295 862 cr
1318 809 1486 862 mosen.

487 957 492 964 ‚
562 904 715 958 Fortunam
731 901 877 955 interdum
894 914 1012 973 praeter
1029 919 1101 973 spen
1124 913 1212 975 atque
1228 903 1443 973 cqssctationem

864 990 1020 1046 nominibus
1029 992 1141 1067 javen.

559 1099 668 1170 Unam
696 1097 904 1190 expetebant
924 1099 1090 1190 virginem
1112 1100 1246 1166 iuuenes
1264 1096 1349 1166 tuo:

513 1209 606 1281 Vicit
637 1207 783 1298 locuples
804 1231 913 1299 genus
936 1209 1137 1290 etformam
1159 1207 1333 1298 pauperis.

517 1317 559 1388 llt
577 1319 773 1408 nuptiarum
790 1316 899 1384 dictus
924 1315 1064 1386 aduenit
1081 1314 1174 1382 dies,

512 1425 651 1496 Amans
677 1422 831 1493 dolorem
856 1425 938 1512 quio
965 1445 1035 1492 non
1058 1438 1197 1514 poterat
1207 1426 1342 1515 perpeti
1354 1471 1365 1508 ,

510 1537 671 1604 Maerens
686 1537 894 1626 propinquos
915 1533 1057 1602 contulit
1078 1536 1166 1601 sein
1189 1533 1362 1620 lsortulos,
1412 1585 1421 1618 a

515 1647 609 1737 Quos
622 1643 715 1712 ultra
737 1641 844 1735 paulo
869 1641 952 1713 uilla
978 1643 1149 1735 splendidi
1171 1643 1286 1712 diuitis

509 1757 603 1825 Erat
619 1771 797 1845 acceptura
811 1755 976 1846 virginem
998 1779 1017 1821 e
1038 1757 1159 1824 matris
1181 1757 1278 1840 sinu,

510 1863 645 1932 Porum
671 1859 790 1952 ampla
809 1865 848 1930 in
866 1853 949 1932 urbe
977 1865 1049 1934 visa
1068 1863 1158 1955 quod
1169 1865 1295 1952 suerat
1316 1863 1444 1933 domus.

509 1971 646 2062 Pompa
664 1964 878 2062 explicatur,
906 1973 1006 2043 turba
1027 1975 1197 2042 concurrit
1210 1971 1403 2064 frequens,

510 2081 560 2150 Et
583 2081 793 2173 coniugalem
816 2084 959 2173 praebet
977 2080 1183 2174 hymenaeus
1193 2085 1323 2172 fitcem.

510 2184 653 2256 Asellus
672 2204 786 2256 autem
800 2237 813 2273 ,
829 2192 888 2282 qui
905 2187 1037 2258 solebat
1056 2193 1203 2279 pauperi

515 2295 699 2386 Quaestum
717 2299 843 2386 refisrre
862 2294 936 2386 (a),
957 2297 1072 2367 stabat
1097 2313 1218 2392 portae
1240 2303 1278 2366 in
1296 2299 1422 2367 limine.

511 2405 619 2474 Illum
632 2405 770 2497 puellae
790 2431 870 2477 casu
896 2405 1085 2477 conducunt
1105 2432 1204 2494 suae,

513 2511 602 2581 Vtae
620 2511 754 2580 labores
771 2517 903 2582 teneros
924 2536 968 2580 ue
987 2507 1129 2581 laedant
1149 2513 1266 2603 pedes.

509 2617 660 2710 Repente
687 2622 832 2706 caelum,
868 2621 1011 2692 Veneris
1022 2623 1275 2707 misericordia,

515 2727 633 2796 Ventis
649 2745 824 2814 movetur,
853 2732 989 2798 intonat
1009 2731 1128 2798 mundi
1133 2731 1266 2822 fragor
1281 2780 1292 2816 ,

509 2841 715 2930 Noctemque
744 2840 858 2909 densis
889 2840 1068 2910 lsorridam
1088 2844 1211 2912 nimbis
1234 2857 1363 2932 purast

508 2948 586 3016 lux
610 2953 744 3039 rapitur
761 2949 890 3036 oculis,
906 2967 940 3018 et
953 2947 1054 3017 simul
1080 2954 1129 3018 vis
1143 2951 1328 3042 grandinis

512 3057 633 3148 Effusa
657 3061 804 3149 trepidos
822 3065 953 3151 passim
965 3063 1103 3128 comites
1116 3059 1280 3152 dissipat,

513 3169 587 3238 Sibi
609 3191 773 3260 quemque
800 3195 921 3262 cogens
942 3187 1057 3262 petere
1074 3171 1285 3259 praesidium
1294 3174 1398 3262 fuga.

510 3275 651 3344 Asellus
678 3295 793 3346 nouum
810 3261 1010 3370 proximum
1032 3296 1152 3347 tectum
1175 3279 1288 3362 subit,

508 3383 558 3450 Et
576 3407 653 3450 voce
676 3407 803 3474 magna
831 3408 902 3451 sese
921 3391 1048 3452 uenisse
1070 3383 1210 3450 indicat.

508 3495 722 3561 Procurrunt
737 3497 858 3582 pueri,
881 3493 1061 3585 pulclsrum
1084 3495 1251 3583 aspiciunt
1266 3495 1447 3584 uirginem,

510 3603 558 3670 Et
583 3603 819 3672 admirantum
841 3603 965 3671 deinde
978 3601 1115 3670 domino
1132 3605 1302 3671 nuntiant·

508 3715 607 3783 Inter
629 3711 764 3780 sodales
784 3710 844 3778 ille
858 3737 983 3804 paucos
1009 3711 1197 3796 accubans,
1227 3765 1230 3776 .

508 3820 674 3889 Amorem
706 3824 832 3890 crebris
862 3822 1027 3892 avocabat
1047 3818 1187 3910 poculis.

512 3933 576 4000 llbi
599 3935 792 3998 nuntiatum
819 3947 888 3996 est,
912 3947 1081 3998 recreatus
1100 3930 1239 4020 gaudiis
1261 3945 1321 3996 etc.

526 4055 565 4116 (ι)
584 4053 689 4111 Uterque
708 4052 785 4094 cuive
799 4051 865 4094 terre·
