3638 5332
462 664 543 768 396
795 687 884 736 omas
909 683 1093 734 omorio

436 850 581 952 Sarepta
606 907 615 941 ,
643 877 758 938 vero,
787 846 954 922 Caesarea
982 903 992 936 ,
1019 845 1216 946 Neapolis,
1242 863 1278 920 et
1302 842 1458 946 Lydda,

433 995 625 1068 purpuram
645 982 840 1067 praestant:
860 989 981 1038 omnes
999 979 1117 1038 autem
1136 964 1334 1038 fructiferae
1354 965 1459 1056 vino,

433 1089 511 1162 oleo
538 1146 548 1178 ,
575 1105 610 1161 et
635 1089 843 1161 frumento.
882 1085 1117 1158 Nikolaorum
1139 1087 1185 1186 (a)
1213 1112 1295 1158 vero
1329 1086 1460 1186 palmu-

433 1210 482 1283 las
502 1209 656 1282 invenies
671 1205 873 1280 habundare
893 1205 932 1277 in
952 1203 1146 1278 Palaestina
1166 1206 1306 1303 regione
1322 1263 1332 1295 ,
1351 1205 1390 1278 in
1409 1206 1460 1280 lo-

435 1355 477 1402 co
503 1328 564 1428 qui
589 1326 718 1399 dicitur
745 1323 940 1397 Hiericho:
966 1323 1122 1396 similiter
1148 1341 1183 1396 et
1208 1323 1372 1398 Damasci
1398 1325 1462 1398 mi-

436 1477 539 1523 nores
571 1446 738 1547 palmulas
765 1445 824 1518 sed
851 1445 953 1520 utiles
982 1501 992 1534 ,
1024 1462 1058 1518 et
1089 1446 1272 1545 pistacium
1299 1465 1333 1520 et
1359 1473 1465 1520 omne

440 1595 551 1666 genus
570 1591 764 1666 pomorum.

497 1713 542 1786 ¹9
570 1685 647 1758 lam
672 1709 770 1756 nunc
796 1682 988 1756 dicendum
1013 1699 1098 1771 est,
1124 1683 1209 1783 quid
1235 1685 1339 1756 etiam
1363 1684 1402 1755 in
1427 1709 1464 1755 se

437 1803 595 1902 singulae
629 1802 780 1876 civitates
809 1859 819 1891 ,
845 1800 889 1874 de
920 1801 1048 1900 quibus
1079 1801 1255 1901 loquimur
1282 1859 1292 1890 ,
1317 1801 1469 1874 habeant

442 1922 654 1998 delectabile.
675 1919 791 1994 Habes
811 1948 892 2018 ergo
912 1919 1137 1994 Antiochiam
1162 1920 1201 1992 in
1226 1919 1317 1993 ludis
1336 1921 1469 1992 circen·

440 2047 534 2121 sibus
557 2045 770 2120 eminentem
784 2042 959 2117 :similiter
980 2060 1015 2117 et
1027 2041 1247 2131 Laodiciam,
1263 2057 1298 2114 et
1311 2039 1470 2140 Tyrum,

443 2185 479 2241 et
498 2165 667 2265 Berytum
690 2222 701 2254 ,
728 2178 763 2237 et
785 2161 998 2238 Caesaream.
1020 2162 1066 2236 Et
1086 2161 1249 2236 Laodicia
1272 2162 1377 2234 mittit
1396 2162 1470 2234 aliis

445 2287 638 2360 civitatibus
657 2284 838 2384 agitatores
858 2283 1030 2384 optimos,
1051 2281 1166 2382 Tyrus
1187 2299 1222 2355 et
1240 2281 1388 2382 Berytus
1407 2281 1471 2356 mi-

448 2407 601 2498 marios,
631 2403 798 2480 Caesarea
824 2405 1083 2503 pantomimos,
1111 2401 1301 2504 Heliopolis
1328 2405 1471 2477 chorau-

443 2529 529 2616 las,
557 2525 656 2600 Gaza
681 2523 920 2623 paumacarios
943 2523 991 2622 (b)
1017 2581 1027 2612 ,
1053 2519 1205 2596 Ascalon
1234 2521 1377 2596 athletas
1393 2579 1403 2612 ,
1419 2522 1472 2596 lu-

443 2661 591 2719 ctatores
619 2699 628 2732 ‚
663 2641 871 2730 castabala,
898 2658 1045 2741 pyctas.
1084 2638 1219 2714 Omnes
1247 2657 1365 2713 autem
1391 2657 1477 2713 tem·

444 2779 562 2862 parato
582 2770 673 2835 ne'r're
704 2775 866 2833 mantue.
887 2759 1012 2862 Atque
1032 2757 1123 2834 haec
1144 2759 1286 2859 quidem
1314 2787 1357 2832 ex
1376 2773 1476 2860 parte

449 2883 495 2954 de
519 2879 649 2979 Syria,
675 2877 768 2951 dicta
793 2882 863 2950 sint
888 2893 928 2949 ut
954 2877 1139 2976 potuimus.

532 3023 582 3073 ao
608 2995 725 3070 Habes
745 3011 865 3070 autem
884 3022 926 3068 ex
951 2994 1048 3068 laeva
1063 3012 1164 3096 parte
1192 2993 1314 3095 Syriae
1340 2992 1478 3095 Aegyp

451 3137 529 3192 tum
544 3118 592 3218 (c)
607 3133 641 3190 ct
654 3115 759 3190 totius
771 3113 959 3190 Thebaidis
972 3133 1085 3216 partes
1095 3146 1106 3211 3
1117 3145 1205 3216 quae
1223 3117 1318 3215 regio
1329 3115 1479 3216 Aegypti

450 3238 535 3314 Nilo
551 3237 696 3312 flumine
712 3237 972 3325 circumdatur,
988 3265 1060 3338 quo
1074 3237 1236 3334 irrigante
1248 3239 1383 3310 fructus
1395 3236 1479 3309 ube-

449 3388 505 3434 res
515 3375 730 3448 nascuntur,
744 3358 819 3432 sine
832 3358 909 3433 oleo
926 3375 1064 3432 tantum
1073 3385 1173 3434 :nam
1186 3357 1343 3432 triticum
1355 3374 1390 3431 at
1400 3359 1481 3430 hor-

451 3479 558 3556 deum
574 3498 608 3554 et
626 3481 790 3579 legumen
812 3497 846 3552 et
864 3480 985 3554 vinum
1003 3479 1041 3553 in
1061 3479 1298 3554 habundantia
1314 3479 1446 3578 profert
1469 3506 1480 3552 ε

522 3779 561 3846 (ι)
585 3785 644 3834 cod,
663 3778 791 3824 nikolaum·
810 3781 890 3828 Confer
910 3780 1041 3840 Gargilium
1065 3783 1089 3827 ff·
1110 3777 1148 3825 26-
1221 3775 1263 3844 (b)
1280 3783 1352 3822 lutet.
1372 3777 1422 3822 eod.
1439 3793 1474 3836 gr·

456 3845 661 3924 ἆθξῦίμῦῖαοῦς
677 3893 685 3914 ,
701 3861 950 3922 lupambulus·
1013 3859 1050 3921 (ι)
1068 3859 1123 3905 Coti.
1133 3877 1167 3906 rs
1178 3869 1251 3918 parte
1268 3873 1309 3918 pro
1325 3858 1476 3918 domtus.
