3638 5332
1226 647 1291 738 347

280 849 405 909 operose
424 843 534 902 arteqpe
552 827 707 882 elaboratae
725 839 772 878 re-
829 841 895 882 ros.
922 819 1022 893 quibua
1043 823 1152 878 minime
1177 824 1215 879 sit
1238 825 1319 882 marla

278 927 344 980 atla.
358 941 410 976 non
426 921 512 974 insilia
524 918 625 972 metalli
639 917 772 969 admirari·
830 912 925 966 alienis
947 913 1048 966 stodiis
1070 913 1196 966 inridere.
1218 911 1319 967 llornm

280 1011 321 1066 dis
340 1009 432 1079 liguria
457 1026 525 1079 opus
552 1007 694 1062 incusum,
718 1023 773 1058 non
829 1000 917 1059 fidei.
944 1001 1039 1054 horum
1067 1002 1176 1056 caritati
1202 999 1319 1056 laborem

278 1098 410 1170 peregrini
439 1095 540 1167 lapidit
571 1093 709 1164 multiplex
742 1107 772 1142 ac
827 1090 946 1145 nostrum
966 1091 1128 1152 committes,
1148 1105 1180 1147 ut
1194 1101 1320 1146 nontam·

279 1185 351 1238 rarii
360 1185 454 1238 coloris
465 1193 596 1254 aspectus·
606 1183 772 1252 Quamquam
829 1192 887 1234 tum
904 1182 1039 1253 superflua
1057 1191 1174 1234 resecent
1186 1219 1193 1240 ,
1212 1179 1258 1234 sed
1277 1195 1320 1234 er·

169 1267 173 1281 '
280 1291 329 1343 ego
354 1274 378 1328 ai
402 1271 532 1326 eiusmodi
556 1287 645 1322 rerum
665 1267 774 1321 habun-
829 1269 897 1322 ratis
913 1287 1022 1339 quoque
1036 1268 1196 1326 adhibeant.
1217 1277 1243 1321 te
1256 1283 1321 1338 pro-

280 1363 376 1415 dantia
395 1361 537 1433 pollerem.
557 1357 632 1410 haud
649 1371 774 1424 umquam
829 1353 928 1414 hante,
947 1357 1144 1411 correctionem.
1162 1359 1258 1426 ltaque
1270 1355 1324 1408 hoc

282 1451 310 1502 in
339 1448 456 1501 animum
487 1445 635 1515 subrepere·
665 1443 776 1496 auderet
829 1461 896 1516 opus
909 1463 973 1499 suae
983 1445 1176 1499 emendationis
1187 1460 1268 1515 opera
1279 1457 1324 1494 ca·

282 1550 375 1594 tantae
393 1537 530 1594 nobilitati
549 1546 695 1606 tantaeque
713 1535 776 1601 dig-

282 1632 364 1686 nitati
388 1651 421 1684 ex
445 1629 543 1684 eisdem
563 1627 720 1681 munuscula
732 1626 775 1680 ol-

281 1719 358 1770 lerre.
377 1718 447 1770 llacc
461 1717 605 1771 enimcum
624 1715 776 1786 principum

282 1805 429 1873 largitione
447 1803 647 1858 distribuuntur
669 1803 698 1854 in
715 1801 776 1854 vul·

283 1913 358 1964 gua.
384 1894 548 1962 indigentiae
573 1903 600 1946 et
622 1891 776 1946 necessitati

282 1981 455 2036 subvenitur:
465 1999 525 2034 cum
534 1999 596 2034 vero
605 1999 695 2035 eorum
704 1979 777 2034 nbla·

285 2073 359 2126 tione
372 2071 490 2142 ipsorum
504 2060 654 2142 principum
670 2068 776 2122 benivo-

283 2160 367 2213 lentia
381 2169 568 2229 comparatur,
586 2157 678 2230 procul
691 2155 775 2210 dubio

285 2247 400 2304 avaritia
419 2248 524 2300 illorum
538 2246 642 2300 occulto
660 2242 776 2314 quodam

284 2341 369 2409 elogio
387 2340 581 2412 exprobratura
602 2336 777 2408 nequeenim

829 1535 937 1602 stigcnt
949 1545 980 1588 nt
990 1553 1043 1589 non
1053 1535 1089 1588 sit
1100 1533 1238 1602 indignum
1250 1531 1324 1604 quod

831 1635 878 1677 tuo
897 1623 1018 1681 nomini,
1042 1624 1127 1678 veluti
1144 1621 1252 1674 cuidam
1271 1637 1323 1674 nu-

830 1715 897 1768 mini
915 1713 1012 1768 debeat
1032 1711 1188 1766 consecrari·

831 1893 929 1946 Domni
952 1887 1110 1942 Franconia‘
1124 1885 1194 1940 liber
1222 1885 1323 1958 primus

862 1979 959 2051 incipit
970 1980 1004 2031 de
1018 1976 1183 2048 quadratura
1194 1972 1296 2026 circuli.

835 2101 1038 2252 Quadratum
1051 2152 1144 2206 circuli
1159 2152 1229 2205 inter
1239 2149 1326 2205 occul·

833 2258 874 2300 tas
892 2263 978 2298 rerum
997 2244 1063 2296 odeo
1081 2251 1123 2296 est
1136 2239 1258 2293 obstrusa
1274 2255 1324 2290 na·

833 2345 927 2392 turae.
946 2343 978 2385 ut
997 2331 1030 2384 de
1049 2329 1106 2383 eius
1126 2327 1230 2380 ratione
1247 2343 1325 2378 nemo

286 2430 381 2483 redimi
414 2425 568 2482 muneribus
597 2438 725 2498 possent.
752 2425 776 2479 sl
831 2421 913 2478 hodie
933 2421 977 2476 rel
995 2418 1158 2481 dubitaret3
1183 2414 1237 2468 nisi
1260 2411 1325 2467 Ari-

284 2537 339 2572 ncn
352 2535 414 2576 eoa,
432 2517 506 2587 quod
520 2517 645 2569 nimirum
661 2515 776 2576 accidit,

832 2513 955 2570 atotelea.
975 2527 1053 2582 quem
1069 2505 1151 2561 etiam
1164 2505 1326 2560 inventorem

285 2624 318 2658 ex
346 2605 391 2659 illc
417 2604 548 2657 avaritiae
573 2616 692 2658 monstro
719 2605 777 2676 ipea
832 2603 938 2661 lerunt,
958 2601 1042 2672 ipsius
1062 2595 1224 2651 mentionem
1245 2609 1327 2666 prae-

286 2711 396 2746 munera
421 2692 584 2746 delectarent
607 2705 662 2744 etc.
681 2693 779 2762 ltaque

286 2779 337 2832 hac
354 2780 400 2834 ria
418 2778 550 2834 adductus
568 2797 646 2839 sum,
665 2789 696 2833 ut
713 2780 778 2834 ede-

288 2886 342 2921 rem
360 2865 479 2920 libcllum
497 2866 530 2920 de
548 2867 641 2920 circuli
659 2867 779 2936 quadra-

287 2967 365 3016 tura,
387 2957 523 3028 imperitia
544 2955 687 3027 plurimum
705 2957 780 3010 renl-

288 3058 380 3109 teote3
406 3046 507 3100 nadad
527 3047 681 3100 temerarios
700 3063 780 3101 auaua

286 3145 463 3205 perurgueute
482 3133 631 3188 devotione.
650 3131 707 3186 lloc
727 3133 779 3202 igi-

834 2691 994 2744 dicamentia
1014 2686 1070 2741 suia
1092 2681 1242 2737 indidisset·
1260 2678 1326 2732 Eius

835 2781 930 2849 itaque
953 2775 1094 2830 scientiam
1115 2769 1190 2824 haud
1216 2767 1327 2822 dubiam

835 2867 924 2920 lerunt
941 2881 1027 2934 utque
1048 2861 1083 2913 ad
1105 2855 1247 2912 Boethium
1265 2871 1328 2926 pcr-

836 2956 960 3009 durasser
977 2951 1021 3003 illo
1034 2958 1121 3000 autcm
1135 2943 1257 2999 sublato,
1272 2939 1329 3012 ipsa

835 3057 944 3114 quoque
952 3039 1036 3092 omnia
1045 3033 1124 3089 simul
1134 3031 1247 3088 interiit.
1256 3044 1329 3101 prae·

836 3142 878 3185 ter
890 3129 972 3182 uolam
989 3121 1186 3176 dubitationem
1201 3135 1272 3187 quae
1291 3127 1331 3170 ta·

290 3235 333 3275 tur
351 3241 417 3294 opus
435 3223 562 3292 quonlam
583 3221 702 3275 edietum
720 3231 779 3278 eat,
834 3215 868 3268 lla
887 3231 917 3266 ac
933 3221 1010 3266 tanta
1028 3220 1084 3266 est.
1104 3217 1135 3260 ut
1150 3207 1179 3260 in
1193 3223 1225 3260 ea
1239 3221 1329 3258 omnes

287 3321 315 3364 te
333 3311 368 3364 ad
382 3311 473 3364 atudia
492 3327 539 3362 nos
556 3309 693 3362 beneficiis
707 3308 780 3363 iovi·

290 3409 384 3458 tante,
410 3401 520 3454 alterius
542 3417 610 3471 opus
630 3398 684 3452 nisi
702 3406 778 3450 tuum

837 3307 949 3363 ltaliae.
977 3300 1098 3356 Galliae,
1116 3306 1199 3365 atque
1217 3297 1329 3348 Germa·

837 3401 899 3453 niae
918 3391 1063 3449 defecerint
1082 3387 1224 3457 capientes·
1243 3381 1330 3452 Siqui-

289 3503 405 3542 essenon
416 3487 524 3559 poterit.
536 3486 713 3557 Quamobrem
726 3502 780 3540 cer·
838 3488 896 3540 dem
922 3484 992 3536 hanc
1024 3487 1113 3532 nomer
1140 3469 1328 3528 Adelboldua.

289 3588 334 3632 tus
352 3590 429 3636 esto,
454 3595 557 3632 omnem
582 3577 639 3630 eius
658 3575 780 3643 diligen·
837 3575 906 3628 hanc
923 3570 1054 3624 maximus
1070 3564 1211 3617 doctorum
1227 3560 1330 3613 Waao.

290 3671 373 3730 tiam,
392 3669 448 3723 aire
465 3672 574 3741 penitus
586 3665 782 3739 reprobandum
837 3664 907 3716 hane
932 3659 989 3730 ipae
1014 3651 1169 3708 studiorum
1193 3653 1331 3718 reparator

291 3757 340 3816 ait,
349 3759 405 3812 slve
416 3759 444 3810 in
455 3769 532 3828 parte
544 3753 738 3824 corrigendum,
748 3752 784 3805 si·
840 3751 1002 3808 Gerbertus.
1015 3741 1147 3812 multique
1164 3737 1211 3790 alii
1225 3733 1331 3789 studio·

293 3865 325 3900 re
337 3865 369 3898 ex
383 3857 439 3900 toto
458 3845 673 3916 provehendum,
693 3841 722 3894 ld
735 3850 783 3893 tua
839 3861 867 3898 ae
888 3835 1094 3906 investigarunt:
1123 3829 1170 3902 qui
1193 3826 1217 3880 ri
1237 3825 1332 3879 ellectu

293 3937 406 3990 maxime
434 3936 565 3989 interesse.
596 3931 685 3984 llabet
714 3932 785 3985 enim
835 3931 916 4004 potiti
930 3927 1060 3984 inissent,
1079 3937 1142 3976 num
1165 3917 1193 3970 id
1216 3915 1250 3970 ab
1277 3911 1331 3965 illia

292 4027 462 4098 quamplures
486 4037 513 4078 et
539 4025 643 4076 'l'uccaa
670 4032 698 4074 et
724 4021 780 4073 Va·
834 4018 971 4094 prolectet.
980 4029 1092 4087 qnorum
1101 4007 1184 4080 aliqui
1195 4005 1330 4060 adhucau·
