3626 5344
543 649 608 740 ,44
695 649 1228 744 fflffirrrrrroeneruus

526 845 543 880 s
561 825 652 882 ssultis
680 825 708 880 in
738 825 892 894 euulupiuar
916 841 1000 896 esop-
1054 827 1187 888 venisset.
1215 846 1275 884 esur
1301 831 1441 904 depusuit.
1472 833 1530 887 cla-

528 924 629 968 trrsnrr
647 931 728 986 quant
746 929 807 966 rurs
825 911 949 968 Hercules
970 919 1000 965 et
1053 931 1167 986 vanaque
1181 933 1240 970 eurs
1260 919 1372 992 reliquis
1391 923 1471 976 srrnia
1489 942 1531 978 ae·

528 1001 661 1058 Achelous
689 1001 810 1058 Aetolise
840 1001 923 1057 amuis
947 1019 1000 1058 nno
1054 1019 1113 1056 curu
1133 1007 1297 1066 transvexit.
1317 1019 1348 1061 ut
1360 1019 1529 1080 purtesone·

529 1104 647 1164 tenpore
674 1091 813 1164 peterent.
842 1104 1000 1165 receperunt
1054 1100 1192 1144 ratuseanr
1216 1093 1340 1164 expedite
1360 1095 1529 1152 terreucrrn

527 1181 609 1250 legens
628 1179 662 1234 sb
678 1181 823 1237 ornemur
836 1180 884 1250 qui
899 1181 1000 1234 virtute
1054 1193 1116 1246 ergo
1135 1178 1170 1231 ad
1196 1179 1268 1234 illam
1292 1184 1525 1254 transportandam

527 1277 694 1337 superasset.
714 1267 866 1320 Deisniraru
882 1267 1000 1322 duceret·
1054 1264 1132 1318 vellet
1150 1267 1265 1326 reverti.
1290 1269 1386 1324 sidens
1415 1272 1528 1326 Nessum

528 1353 615 1422 Igitur
624 1355 719 1422 egressi
729 1355 764 1408 ad
777 1367 925 1410 certarnen.
939 1375 998 1410 euru
1053 1367 1113 1404 cunr
1123 1373 1154 1406 ru
1165 1373 1218 1408 reru
1228 1355 1342 1414 habere.
1354 1357 1453 1426 sagitta
1465 1359 1526 1412 uris·

530 1451 701 1512 superaretur
724 1442 854 1498 Achelous
877 1442 912 1494 ab
930 1443 999 1498 Hes-
1055 1455 1085 1492 ss
1102 1455 1162 1492 euru
1179 1441 1306 1496 extinxit.
1331 1443 1385 1514 Qui
1404 1447 1529 1516 expirans

529 1533 603 1590 eule.
627 1543 745 1586 mutatur
769 1531 848 1586 initiu
875 1531 903 1584 in
924 1532 1000 1584 iuve-
1055 1535 1154 1578 resteru
1166 1527 1530 1600 Deianirtededitsanguine

529 1637 606 1677 nern.
624 1637 685 1672 nius
699 1621 727 1672 in
739 1620 897 1677 draconem.
916 1619 998 1674 tertio
1055 1629 1105 1670 tuo
1114 1617 1226 1670 tinetsrn
1239 1655 1246 1676 .
1260 1630 1291 1672 nt
1304 1637 1331 1674 se
1341 1620 1530 1688 ulcisceretur3

530 1707 559 1762 in
569 1719 684 1768 taurum,
701 1727 781 1780 quen
800 1711 924 1764 Hercule,
943 1729 998 1764 sm.
1055 1717 1083 1759 et
1101 1707 1192 1765 dixit.
1211 1709 1234 1762 si
1254 1707 1331 1763 vellet
1350 1722 1476 1784 perpetuu
1496 1712 1529 1764 ab

528 1797 620 1869 plexu,
630 1799 818 1857 reluctantem,
829 1815 910 1854 romu
927 1799 1000 1872 quod
1055 1791 1166 1848 Hercule
1178 1795 1265 1864 diligi.
1275 1795 1415 1851 dureteaur
1429 1797 1468 1850 illi
1483 1816 1528 1850 re·

530 1885 713 1972 implicarent
746 1885 866 1945 brachiis
902 1889 998 1960 {regin
1054 1893 1121 1936 stern
1134 1881 1305 1937 induendam·
1320 1885 1384 1938 lude
1399 1903 1458 1938 cunr
1470 1887 1530 1940 ller·

529 1975 603 2044 quod
617 1975 740 2031 sonum
755 1973 999 2032 fertupeomcrag.
1054 1971 1166 2026 culealn
1186 1973 1399 2028 insultl'Eultoei
1422 1977 1531 2028 Euclid-

529 2079 572 2120 se.
590 2079 650 2116 tusa
667 2081 721 2134 qun
741 2063 786 2119 ille
804 2063 907 2136 espisrn
928 2065 1003 2118 diei·-

529 2161 574 2204 tur
583 2149 684 2206 iecisse.
701 2151 778 2207 Tune
789 2156 921 2228 nprnplrse
934 2155 1002 2210 liui-

531 2240 578 2296 ἆυ
604 2240 675 2296 filiae
700 2243 818 2299 lluusiuis
856 2245 1000 2299 effecerunt

530 2338 563 2382 ut
578 2328 607 2381 id
624 2327 698 2399 quud
716 2341 835 2401 ereptum
854 2342 930 2390 erut.
952 2349 1001 2386 su·

530 2413 696 2468 tusnnslibus
731 2417 816 2488 copiis
847 2418 1000 2490 repleretur.

532 2502 608 2556 Unde
618 2501 804 2573 dicitnrplersn
815 2507 892 2572 eopia
901 2521 1001 2558 eurora.

529 2591 662 2658 Quoniam
686 2589 757 2646 sicut
785 2609 866 2645 curnu
895 2610 1002 2649 esrrtena

531 2681 725 2748 supercrescit.
746 2676 786 2732 itu
799 2679 913 2734 divitiae
940 2681 1004 2736 loris

531 2765 794 2837 stipantlrurninern.
814 2769 845 2824 ln
863 2789 945 2824 cornu
963 2782 1005 2826 est

531 2853 618 2908 virtus
635 2854 808 2910 animalium:
833 2865 862 2912 et
882 2855 1004 2912 furtunae

530 2941 601 2998 vires
619 2941 775 3000 in.disitiis
802 2955 944 3005 onustant.
973 2957 1004 3002 ut

531 3030 645 3084 dieitur:
671 3042 701 3086 et
726 3049 816 3106 gersus
842 3043 870 3084 et
895 3036 1003 3092 virtus.

530 3121 589 3171 rsr'ss'
607 3137 668 3174 esest
689 3139 740 3179 se.
757 3123 841 3175 vilius·
867 3123 935 3196 algu
951 3134 1004 3174 est.

1056 2059 1119 2112 liern
1133 2059 1224 2116 urbem
1244 2063 1351 2131 Eurytii
1371 2064 1524 2120 evertisset.

1056 2159 1083 2202 et
1103 2149 1173 2204 lolen
1193 2151 1273 2204 liliam
1291 2151 1350 2204 eius
1369 2151 1478 2206 duceret
1498 2153 1526 2206 in

1056 2237 1190 2309 petrium.
1216 2239 1343 2293 Deianira
1367 2240 1460 2294 videns
1478 2241 1530 2292 viri

1056 2328 1174 2382 snisnuru
1200 2347 1263 2384 sse
1287 2331 1417 2388 alienum.
1445 2333 1530 2386 verita

1057 2433 1091 2468 ne
1108 2414 1133 2467 ei
1161 2416 1235 2487 pelex
1255 2418 1445 2488 praeferretur.
1465 2419 1530 2470 ller-

1057 2503 1110 2556 euli
1130 2505 1187 2558 Iosi
1206 2505 1388 2560 sacrificatura
1411 2517 1527 2560 tauream

1057 2589 1183 2660 pliestsrn
1217 2591 1294 2646 dedit
1327 2611 1373 2664 per
1403 2593 1530 2646 lamulunr

1057 2680 1248 2750 perferendaru-
1265 2683 1326 2752 Qua
1339 2683 1448 2736 indutus
1464 2685 1531 2736 llar-

1058 2771 1129 2824 eules
1142 2789 1202 2824 cunr
1217 2771 1251 2825 sd
1267 2791 1339 2826 arans
1359 2773 1531 2830 secessisset.

1057 2861 1140 2915 rastis
1159 2859 1291 2918 incaluit.
1309 2871 1337 2914 et
1356 2879 1456 2917 veneno
1473 2881 1536 2916 cun·

1058 2959 1146 3004 tracta
1155 2949 1301 3004 visceribus
1319 2949 1418 3004 haesit·
1438 2951 1469 3005 ln
1482 2969 1534 3004 rna·

1059 3036 1130 3091 sirnu
1157 3035 1250 3108 itaque
1274 3037 1395 3091 cruciatu
1425 3055 1484 3092 cunr
1519 3059 1534 3092 s

1059 3141 1166 3196 corpure
1175 3123 1233 3178 eius
1246 3123 1323 3178 avelli
1335 3124 1471 3196 nequiret.
1481 3127 1532 3195 Ly-

530 3210 639 3265 Dieitus
657 3221 745 3266 autern
772 3211 897 3268 Hercules
914 3213 1002 3269 eidem
1059 3211 1252 3264 easnlsmulum
1270 3214 1386 3266 muueris
1401 3231 1533 3266 reumeu-

532 3299 615 3355 lluviu
636 3317 718 3356 enrnu
747 3299 907 3360 abstulisse.
938 3305 1003 3374 quia
1058 3297 1135 3354 boire
1154 3301 1219 3353 muri
1237 3301 1467 3372 immersitrqueru
1488 3302 1534 3354 in-

530 3405 591 3442 euru
609 3387 714 3445 duobus
728 3389 810 3444 sireis
828 3389 1005 3467 redundaret.
1058 3389 1168 3444 nuaiunr
1186 3389 1280 3462 culpae
1298 3389 1393 3442 Thetis
1405 3388 1486 3442 vertit
1505 3387 1531 3440 is

531 3477 655 3534 Hercules
674 3498 756 3534 urruns
770 3477 934 3534 obstruendo
946 3499 1004 3552 pru·
1059 3476 1205 3548 scopulum.
1230 3477 1298 3528 Crrur
1324 3486 1413 3528 enters
1432 3475 1535 3528 liereu-

532 3563 633 3619 lribuit.
661 3567 784 3622 Hercules
803 3579 910 3624 autem.
932 3567 1005 3622 victo
1059 3563 1536 3624 lesintellerisset.edviturnaenns

532 3653 664 3714 Acheloo.
682 3655 835 3710 Deianiram
850 3655 1003 3710 duxituxu
1058 3669 1135 3722 posse
1160 3653 1284 3708 reverti.
1310 3663 1338 3706 et
1361 3651 1456 3705 veneni
1478 3651 1537 3704 effi-

534 3759 597 3799 rem.
615 3753 643 3798 et
662 3743 697 3796 sb
707 3761 739 3798 es
751 3743 903 3816 procrearit
919 3743 1003 3798 dliusrs
1057 3753 1159 3794 teretur
1175 3739 1313 3795 incendio.
1329 3739 1357 3790 in
1370 3737 1476 3791 Arthnu
1493 3739 1540 3808 (r)

533 3832 638 3884 nurnine
664 3831 844 3901 llyllusrr.Sed
876 3831 1001 3886 llercules
1057 3839 1146 3883 monte
1171 3845 1262 3895 rogum
1290 3825 1440 3880 voluntarie
1466 3844 1531 3878 con-

533 3936 592 3970 eurs
612 3919 646 3973 srl
664 3919 774 3974 lluriusu
799 3921 917 3974 Euenum
936 3939 998 3992 per-
1058 3916 1177 3974 raeudit.
1191 3917 1267 3970 etsie
1288 3913 1357 3969 inter
1374 3911 1437 3968 dens
1449 3923 1537 3968 trans·

559 4049 599 4113 (r)
617 4057 651 4102 aie
669 4056 741 4102 slis·
756 4055 817 4116 spad
833 4055 908 4116 xpel·
927 4049 964 4102 58.
983 4054 1019 4114 59.
