3630 5334
547 621 612 706 304

514 790 719 874 distractus,
739 791 804 856 etsi
834 811 904 855 non
934 785 1167 880 relinquebam
1190 785 1304 854 studia
1326 787 1540 874 litterarum,

512 915 627 966 tamen
649 895 740 964 lente
761 897 847 962 satis
854 894 1105 986 prosequebar3
1128 893 1298 961 interdum
1313 897 1418 962 etiam
1437 899 1540 962 inter-

512 1001 698 1068 mittebam.
721 999 901 1066 Crescente
922 1021 999 1066 uero
1015 997 1189 1088 paulatim
1200 1000 1539 1088 aetatesut'geesimum

510 1109 583 1172 iam
603 1127 731 1172 annum
752 1107 923 1194 ingressus
943 1125 1018 1168 cum
1039 1102 1185 1168 scribere
1197 1101 1403 1194 nescioquid
1415 1105 1539 1191 coepis-

512 1233 602 1292 sem,
622 1231 789 1298 essemque
810 1204 904 1296 apud
924 1229 1070 1272 summos
1090 1207 1181 1274 viros
1209 1229 1279 1274 uon
1306 1203 1395 1270 nibil
1423 1203 1538 1270 laudus

511 1329 726 1396 aorueeutus,
746 1316 785 1377 in
806 1333 980 1378 commune
1001 1309 1264 1378 adolescentium
1280 1312 1395 1380 uitium
1413 1309 1540 1376 incidi:

513 1437 671 1508 ranisque
692 1442 745 1484 me
770 1420 841 1484 iam
863 1415 996 1506 aliquid
1016 1419 1126 1500 scire,
1147 1418 1298 1506 cogitare
1324 1417 1421 1505 coepi
1432 1462 1444 1500 ,
1473 1438 1538 1506 quo

506 1541 608 1615 paeto
630 1539 664 1590 et
679 1539 834 1614 patrem,
854 1539 888 1588 et
897 1521 1079 1610 familiam
1093 1546 1227 1607 ewam,
1239 1536 1273 1590 et
1286 1545 1341 1588 me
1356 1524 1466 1612 ipsum
1478 1519 1537 1586 bo-

509 1628 648 1696 noribus
668 1649 711 1692 aa
732 1627 860 1697 diuitiis
880 1651 1050 1718 augerem·
1075 1625 1239 1718 Sepositis
1259 1629 1384 1717 igitur,
1408 1642 1443 1692 et
1453 1626 1537 1713 fire

511 1731 639 1800 relictis
658 1732 798 1817 studiis,
818 1749 924 1799 totum
946 1757 1000 1799 me
1021 1735 1066 1800 iis
1098 1735 1197 1800 rebus
1224 1731 1326 1817 dedi,
1348 1757 1396 1798 ex
1418 1731 1539 1822 quibus

510 1835 651 1904 lionoris
670 1853 733 1903 aut
753 1835 969 1904 emolumenti
990 1835 1126 1928 aliquid
1148 1836 1281 1904 viderer
1309 1853 1537 1928 percepturus.

510 1942 557 2010 Iu
577 1965 643 2034 quo
666 1959 781 2010 minen
797 1943 987 2009 niaxinusm
1004 1966 1029 2006 a
1049 1941 1125 2007 Deo
1141 1940 1331 2010 immortali
1345 1942 1539 2031 benefitium

509 2061 700 2114 consecutus
720 2071 816 2134 sum,
836 2045 926 2138 quod
948 2043 1053 2113 talem
1088 2061 1209 2112 nactus
1229 2071 1302 2114 sum
1328 2047 1537 2136 principem,

510 2157 568 2244 qui
585 2142 622 2220 ut
642 2168 693 2220 est
722 2151 953 2235 doctissimus,
985 2153 1037 2216 ita
1068 2150 1348 2220 studiosissimum
1378 2177 1539 2246 quemque

509 2261 663 2324 maxime
683 2257 810 2347 diligit.
844 2255 962 2346 Quare
993 2278 1124 2324 neeesse
1134 2256 1235 2342 fuit,
1267 2273 1305 2322 ut
1326 2259 1357 2323 si
1378 2281 1432 2324 me
1461 2257 1540 2324 buic

508 2380 650 2454 grauem
671 2361 815 2429 reddere
836 2362 1028 2453 cupiebam,
1050 2359 1172 2428 studiis
1195 2360 1386 2428 litteranon
1407 2365 1539 2431 insiste·

510 2495 594 2538 rem.
619 2471 677 2537 Ea
698 2493 801 2536 eausa
811 2469 907 2556 fuit,
928 2492 972 2535 ne
993 2470 1132 2535 omnino
1145 2471 1345 2535 iustituutm
1366 2493 1450 2560 opus
1472 2494 1540 2536 res-

509 2577 718 2658 cinderetur,
749 2578 799 2640 ita
818 2597 920 2664 usque
941 2575 980 2639 in
1000 2571 1089 2640 buno
1110 2573 1201 2642 diem
1223 2572 1357 2641 delatus
1375 2601 1539 2660 sunme-

509 2704 573 2769 que
594 2681 732 2746 omnino
753 2675 933 2744 derelictus
944 2676 1093 2760 studiis,
1112 2695 1146 2744 et
1159 2681 1210 2744 ita
1232 2679 1392 2770 beneficio
1409 2683 1538 2771 prinoi-

505 2789 562 2877 pis
584 2786 651 2851 mei
667 2799 769 2852 aucta
791 2807 829 2848 re
837 2781 1016 2870 fismiliari
1024 2830 1034 2866 ,
1055 2785 1107 2848 ita
1130 2782 1307 2852 honestato
1319 2801 1446 2876 patre,
1468 2810 1538 2853 om·

510 2895 610 2981 nique
619 2888 766 2978 familia
788 2911 884 2973 ntea,
907 2903 944 2954 ut
961 2886 1041 2976 plus
1058 2892 1163 2956 etiam
1190 2905 1380 2958 consecutus
1403 2891 1539 2978 videar,

510 3021 613 3088 quam
637 2993 690 3062 vel
709 3011 827 3086 petere
849 2993 902 3062 vel
926 3018 1065 3085 sperare
1083 2998 1276 3085 potuissem.
1304 2995 1405 3064 Nune
1433 3002 1537 3092 quin-

510 3121 580 3172 tum
601 3119 635 3170 et
657 3106 852 3194 vigesimum
870 3103 941 3170 iam
959 3126 1088 3168 aunum
1107 3103 1278 3192 ingressus
1290 3107 1537 3197 coepifragili-

509 3225 614 3276 tatem
649 3225 683 3276 et
720 3208 964 3276 mortalitatem
986 3223 1139 3274 nostram
1161 3223 1195 3274 et
1208 3209 1376 3296 Jbrtuuae
1397 3213 1538 3278 instabi-

509 3317 641 3384 litatem
678 3339 805 3384 mecum
837 3331 1019 3406 reptatam,
1052 3330 1086 3380 et
1113 3311 1200 3379 talia
1232 3315 1400 3405 quaedam
1432 3316 1536 3408 loqui.

517 3422 612 3513 Quid
633 3423 709 3512 agis
732 3415 863 3490 miser?
899 3418 993 3510 Quid
1014 3423 1052 3485 in
1074 3418 1172 3486 rebus
1193 3422 1353 3489 inanibus
1386 3447 1428 3490 at
1463 3449 1538 3492 mo-

510 3529 698 3594 mentaneis
721 3541 849 3615 tempus
870 3517 1042 3592 absumis?
1064 3523 1215 3590 Divitias
1232 3521 1365 3614 paras?
1389 3525 1443 3594 At
1469 3529 1536 3596 bae

509 3647 587 3697 tuae
608 3653 678 3697 non
700 3645 808 3694 eruru.
832 3627 1080 3693 Fortunarum
1097 3627 1251 3710 dederit,
1272 3632 1483 3720 arripiet‚et
1496 3635 1536 3698 iu

510 3735 618 3801 alium
641 3731 847 3798 cumulatam
870 3755 892 3796 a
915 3749 947 3796 te
970 3745 1018 3798 tot
1051 3729 1224 3799 laboribus
1246 3737 1426 3822 pecuniam
1453 3761 1535 3802 con-

495 3841 603 3927 fieret.
626 3835 783 3902 Honores
803 3830 960 3925 quaeris?
979 3833 1031 3900 At
1050 3833 1165 3902 nullus
1183 3834 1293 3904 bonor
1314 3837 1412 3904 uuila
1425 3840 1535 3930 digni-

510 3959 564 4010 tas
585 3939 682 4010 nulla
700 3937 817 4029 gloria
841 3941 953 4006 maior
973 3956 1035 4006 aut
1061 3938 1284 4009 excellentior
1313 3957 1374 4010 aut
1389 3945 1534 4034 firmior
