3606 5356
569 653 646 732 500
929 674 1170 724 ιιιοιυι

537 833 699 910 Seuerus
714 888 731 921 ,
762 835 876 905 natus
896 834 1043 932 pessimi
1064 855 1110 905 ao
1132 831 1248 904 mucis
1272 834 1383 903 ιιιιιιιι·
1409 848 1445 904 et
1471 855 1560 907 cru»

589 953 679 1028 deh's
695 952 854 1037 acino,
875 965 911 1023 et
934 947 1181 1053 diphthongon
1202 945 1320 1022 habet.

538 1075 679 1162 Secns,
703 1089 739 1148 et
767 1077 896 1158 aliter,
916 1087 951 1146 et
972 1074 1196 1174 aequaliter,
1209 1074 1369 1170 ponitur.

538 1194 709 1281 Sublevi,
733 1191 959 1290 subsignavi,·
977 1205 1019 1264 nt
1035 1193 1168 1275 relevi,
1187 1193 1390 1286 resignavi,·
1409 1185 1481 1264 hoc
1499 1203 1553 1263 est

586 1313 798 1413 subegitare
813 1316 878 1414 qni
890 1313 963 1384 alio
980 1314 1142 1406 signate
1158 1313 1289 1382 iterum
1304 1313 1473 1408 resignat
1487 1311 1556 1384 Re·

508 1439 511 1446 ’
586 1439 725 1536 signavi
748 1447 800 1508 est
826 1430 928 1534 qnod
948 1429 1084 1505 dieitur
1102 1433 1239 1517 reteri,
1263 1434 1296 1502 si
1310 1456 1354 1504 ea
1373 1427 1468 1532 quae
1483 1437 1554 1529 sig·

589 1571 674 1630 nata
695 1567 777 1628 sunt
797 1555 1025 1655 aperituntur.
1040 1548 1137 1624 Item
1159 1549 1309 1624 sublitns
1334 1551 1469 1626 diemo
1493 1557 1557 1626 coi

588 1679 809 1776 imposturae
830 1669 930 1770 fiant
947 1724 964 1755 ‚
993 1673 1059 1771 qui
1097 1669 1279 1770 decipitur
1306 1725 1323 1754 ,
1355 1675 1419 1744 cni
1444 1671 1553 1745 verba

587 1792 745 1877 denam,
770 1793 824 1864 eet
845 1791 911 1892 qni
930 1793 1109 1863 nonsatis
1133 1789 1258 1864 doetus
1282 1803 1359 1862 est:
1387 1795 1480 1864 atsi
1503 1791 1555 1862 di-

589 1938 653 1989 cas
670 1910 839 1987 subiittan
863 1907 954 1984 nsiiti
975 1923 1028 1983 est
1046 1935 1110 1998 os,
1135 1935 1207 1984 non
1230 1909 1319 1984 bene
1334 1911 1480 1986 docum
1500 1919 1557 1986 oei

591 2030 784 2104 indoctum.
947 2013 950 2020 ¹

538 2149 716 2248 Sablegi,
734 2163 785 2224 est
800 2163 836 2222 te
854 2151 993 2246 legente
1013 2149 1212 2222 insidiando
1220 2149 1380 2251 fitratns
1397 2176 1497 2223 sum:
1517 2167 1559 2224 nt

588 2276 620 2344 si
649 2275 731 2372 quis
756 2273 852 2345 solus
877 2273 998 2367 legat,
1023 2284 1059 2342 et
1081 2273 1175 2343 atim
1198 2295 1251 2343 ex
1278 2275 1421 2346 occaso
1446 2257 1556 2346 verbi

591 2397 668 2466 eins
678 2392 864 2496 fieretur,
890 2405 925 2463 et
948 2416 993 2463 ea
1013 2390 1159 2492 prodat.

539 2509 801 2613 Stipniatores,
815 2513 1055 2610 promissores
1069 2508 1249 2584 bonaur.
1267 2507 1450 2612 Stipnlari
1463 2518 1558 2586 enim

588 2631 801 2728 promittere
825 2639 902 2712 est,
927 2651 980 2699 ese
1004 2625 1121 2700 verbis
1145 2631 1236 2700 iuris
1255 2643 1479 2727 praetorum.

541 2743 686 2846 Spiris,
711 2744 822 2818 nodis.

538 2864 711 2939 Sistentes
727 2918 744 2950 ,
777 2867 832 2936 vel
854 2862 1089 2964 prohibentes
1117 2866 1292 2964 significat
1311 2921 1327 2952 ,
1352 2867 1393 2938 id
1414 2882 1467 2941 est
1492 2872 1559 2969 qni

589 2987 750 3086 aliquam
773 3009 851 3056 rem
869 2989 906 3056 ἰιι
930 2988 1010 3059 loco
1032 2998 1129 3057 stare
1137 2983 1260 3088 facit:
1285 2999 1326 3058 nt
1351 2985 1556 3085 Virgilius,

589 3107 715 3178 sistere
743 3130 878 3208 aquam
894 3103 1031 3198 fluviis.
1063 3105 1187 3177 Potest
1216 3105 1421 3205 stgnifieare
1447 3113 1560 3180 eonsi-

591 3234 750 3308 stentes,
775 3221 817 3294 id
840 3235 891 3294 est
915 3217 1115 3295 habitantes
1143 3225 1198 3294 vel
1225 3233 1379 3295 stantes:
1406 3237 1447 3296 nt
1474 3224 1559 3296 Vir

589 3347 721 3440 gilius,
740 3347 895 3417 constitit
905 3346 943 3414 in
958 3341 1097 3440 dt'gbos.
1117 3339 1305 3443 Sigrafieot
1315 3349 1483 3417 resistere
1500 3372 1558 3418 re-

586 3486 766 3564 pugnare.
796 3459 1002 3557 Virgilius,
1026 3475 1198 3535 econtra
1220 3467 1257 3533 in
1281 3466 1388 3536 litore
1408 3464 1505 3537 sistet]

541 3579 724 3683 Scythia,
748 3595 800 3654 est
822 3585 1012 3683 provincia
1039 3597 1179 3656 remota
1201 3581 1268 3655 sub
1292 3589 1560 3684 septentrione,

578 3697 793 3800 frigoribus
825 3703 971 3796 rigens,
998 3699 1096 3772 meda
1120 3704 1343 3797 gignentium
1357 3757 1374 3787 ,
1398 3701 1562 3776 moribus

595 3814 764 3891 barbara.

357 3941 387 4047 a:
397 3939 517 4051 ciffi}
544 3933 666 4012 Scena
681 3992 697 4022 ,
721 3949 773 4010 est
796 3961 941 4012 cantero
970 3933 1054 4010 hinc
1082 3935 1164 4010 inde
1185 3937 1448 4038 *composita
1464 3965 1562 4041 quae

595 4054 778 4132 innntbrat
792 4062 911 4134 loeson
926 4061 965 4132 in
982 4054 1146 4146 theatro,
1163 4061 1202 4132 in
1223 4081 1297 4161 quo
1315 4059 1393 4131 indi
1412 4063 1561 4134 actitan-
