3630 5334
507 617 591 724 ἱ,34
793 611 1003 684 FABULAE
1026 613 1180 686 novAn

518 793 657 868 Fatalis
683 815 791 861 armos
815 787 1035 860 decurramus
1057 793 1249 883 temporis,

520 908 592 976 Nee
604 905 684 1000 plus
709 925 868 972 conemur
896 925 998 986 quam
1016 903 1099 968 sinit
1118 899 1320 976 mortalitas.

633 1123 710 1196 111·
734 1139 960 1194 nnneonms
983 1137 1033 1188 nr
1055 1137 1162 1188 noAn
1185 1135 1395 1186 nonmnns.

831 1307 873 1358 De
890 1301 982 1357 eadem
998 1303 1058 1355 alia
1066 1301 1189 1374 flebello·

566 1467 770 1536 Mercurium
788 1467 935 1556 hospicio
963 1464 1118 1534 mulieres
1145 1463 1234 1534 duae

521 1574 696 1646 Illiberali
715 1595 749 1646 et
771 1575 908 1648 sordido
934 1592 1147 1668 receperantt

524 1683 678 1774 Quarum
691 1711 761 1754 una
787 1689 825 1753 in
846 1690 940 1754 aunis
955 1709 1099 1777 parvum
1125 1683 1425 1777 habebatfilinm‚
1524 1767 1532 1778 .

525 1795 691 1886 Quaestus
706 1794 866 1887 placebat
888 1796 993 1864 alteri
1013 1799 1231 1864 meretricius·

521 1903 617 1996 Ergo
638 1921 675 1972 ut
692 1906 834 1994 refierret
852 1907 1007 1995 gratiam
1032 1907 1150 1997 officiis
1172 1930 1243 1998 par
1321 1931 1323 1935 ·

522 2009 708 2084 Abiturus,
734 2020 853 2083 etiam
872 2013 978 2082 limen
993 2017 1181 2102 excedens,
1205 2020 1276 2084 ait:

523 2121 635 2192 Deum
654 2125 791 2208 videtis,
809 2124 956 2192 tribuam
982 2125 1074 2194 vobis
1097 2129 1255 2217 protinas¹

526 2231 628 2324 Quod
658 2258 808 2332 qnaeqae
829 2236 966 2326 optarit.
993 2235 1110 2302 Mater
1120 2233 1336 2325 suppliciter,
1359 2251 1458 2325 rogat

522 2341 713 2409 Barbatum
734 2359 771 2409 ut
798 2343 912 2411 videat
935 2361 1055 2411 natam
1073 2346 1319 2434 quamprimum
1341 2365 1459 2411 soum,

522 2447 665 2514 Moecha
685 2464 721 2515 ut
739 2465 898 2536 sequatur
924 2473 994 2517 sose
1016 2447 1173 2544 quiequid
1200 2451 1378 2540 teu'gerits

527 2557 633 2627 Volat
647 2559 853 2626 Mercurius,
876 2560 966 2624 intro
986 2560 1128 2626 redeunt
1147 2556 1315 2627 mulieres.

523 2666 696 2734 Barbatus
712 2669 829 2756 infans
848 2691 921 2735 eece
938 2672 1070 2760 vagitas
1096 2670 1180 2734 ciet:

523 2775 570 2844 Id
594 2779 768 2864 cnmfitrte
795 2779 960 2870 meretrix
986 2775 1076 2842 ridet
1095 2777 1268 2862 validius,

525 2885 639 2953 Nares
660 2882 799 2974 replevit
820 2883 970 2969 tumor,
989 2885 1120 2974 utfieri
1140 2885 1249 2953 solet:

524 2993 719 3088 Emungere
740 2998 845 3090 igitur
865 3021 901 3063 se
923 2995 1036 3064 volens
1052 2995 1194 3086 prendit
1221 3019 1347 3064 mana»

529 3103 719 3196 traxitque
748 3102 799 3174 ad
810 3120 937 3172 terram
959 3106 1038 3170 nasi
1058 3101 1330 3196 longitudinem,

528 3211 576 3279 Et
601 3213 707 3281 aliam
730 3214 846 3284 ridens
871 3217 946 3306 ipsa
964 3212 1109 3281 ridenda
1131 3215 1257 3280 extitit·

722 3361 788 3428 IV.
814 3377 1079 3432 rnorrnrnnoe
1101 3377 1152 3428 nr
1174 3377 1304 3432 nonos.

811 3508 854 3559 De
877 3507 996 3559 veritate
1017 3517 1046 3558 et
1063 3505 1215 3560 mendacio.

576 3637 669 3710 Olim
689 3637 911 3704 Prometheus
923 3636 1050 3705 saeculi
1065 3641 1144 3706 novi
1152 3637 1285 3730 figulus

530 3750 625 3819 Cura
643 3747 759 3816 subtili
779 3749 955 3818 veritatem
960 3748 1121 3835 fecerat,

532 3857 574 3926 Ut
598 3857 675 3922 iura
695 3871 809 3943 posset
829 3857 919 3922 inter
944 3853 1096 3922 homines
1113 3853 1265 3924 reddere.
1352 3853 1357 3862 ’

530 3963 648 4035 Subito
665 3978 845 4034 accersitus
866 3964 983 4032 nuntio
1007 3968 1125 4056 magni
1144 3964 1235 4037 Iovis
