3646 5342
479 977 722 1087 inmotus
758 976 1059 1058 emortuo.

179 1423 184 1432 ‚
305 1336 335 1414 l.
362 1248 530 1416 Latini
572 1337 814 1439 mythogmphi
855 1352 1005 1440 quatuor
1030 1338 1273 1414 tantummodo
1300 1341 1462 1466 saphar&

252 1475 377 1534 extant
395 1461 434 1535 in
453 1458 689 1557 editionibus3
707 1485 833 1559 nempe
853 1458 957 1558 vulgo
975 1458 1090 1533 dictus
1109 1457 1152 1534 C.
1166 1457 1272 1560 Hygi-
1296 1462 1339 1574 ἒ·
1368 1471 1459 1517 '¹⁸³²-

248 1606 344 1670 nus,
368 1580 430 1682 qui
447 1595 541 1655 certe
560 1577 711 1678 Augusti
731 1577 990 1654 bibliothecario
1007 1579 1181 1655 recentior
1203 1597 1274 1680 est;
1333 1557 1342 1574 ⁹

250 1697 385 1773 Fabius
405 1697 612 1800 Fulgentius
630 1697 857 1796 Planciades3
885 1695 1086 1774 Lactantius
1107 1696 1272 1776 Placidus

251 1820 518 1917 grammaticus,
537 1818 601 1920 qui
617 1803 794 1894 'ovidianas
812 1817 944 1894 fabulae
964 1819 1156 1915 enarravit3
1174 1819 1273 1895 deni·

91 2029 102 2048 ⁸
248 1964 320 2039 que
344 1937 510 2012 Albricus
533 1935 782 2039 philosophus,
807 1938 870 2039 qui
893 1937 938 2012 de
956 1937 1165 2037 imaginibus
1189 1939 1271 2014 deo·

245 2080 326 2129 rum
367 2051 693 2130 commentariolum
727 2055 901 2157 reliquit.
942 2055 1039 2131 Mihi
1074 2053 1268 2131 vaticanam

242 2174 489 2250 bibliothecam
520 2193 586 2276 pro·
617 2199 697 2249 meo
730 2200 878 2250 munere
909 2175 1163 2276 perlustranti,
1197 2192 1268 2250 tres

242 2295 300 2368 alii
319 2294 455 2398 antiqui
472 2293 715 2396 mythogmphi
732 2295 939 2396 deprehensi
958 2313 1059 2397 sunt3
1079 2322 1167 2398 quos
1183 2297 1268 2397 quia

238 2413 319 2488 satis
350 2413 462 2488 honos
495 2429 531 2488 et
566 2412 721 2488 eruditos
755 2412 943 2504 videbam,
970 2415 1061 2516 typis
1086 2413 1266 2513 divulgare

242 2532 390 2610 decrevi.
417 2528 559 2607 Primus
578 2533 848 2635 mythographus
866 2533 905 2608 in
926 2561 1000 2610 uno
1020 2550 1158 2608 tantum
1185 2531 1269 2609 Sve-

247 2678 373 2726 corum
401 2649 486 2728 olim
514 2649 698 2750 Reginae,
717 2678 817 2728 nuno
834 2652 993 2727 vaticano
1011 2709 1022 2744 ,
1042 2650 1163 2727 codice
1182 2668 1234 2726 est
1254 2708 1266 2743 ,

243 2773 465 2846 membraneo
499 2787 701 2872 pervetere,
736 2771 837 2848 euius
877 2773 1021 2875 scriptio
1058 2773 1102 2849 ad
1132 2771 1181 2847 X
1209 2771 1266 2862 vel

236 2889 307 2967 XI.
340 2887 472 2966 Christi
499 2891 680 2966 saeculum
698 2893 880 2967 referenda
897 2893 1045 2970 videtur.
1073 2891 1264 2968 Secundus

241 3010 514 3112 mythographus
533 3011 573 3085 in
599 3011 724 3086 eodem
750 3011 871 3086 codice
899 3010 1054 3112 Reginae
1082 3029 1135 3087 est
1159 3015 1262 3114 (nam

243 3128 288 3203 de
318 3128 426 3203 altero
459 3127 650 3230 exemplari
684 3129 776 3204 infra
808 3129 963 3233 loquar)
1002 3157 1110 3206 manu
1143 3147 1261 3206 tamen

241 3247 431 3348 posteriore
473 3264 631 3322 exaratus
667 3305 679 3338 ,
714 3248 764 3322 ita
804 3265 847 3323 ut
888 3247 962 3325 eius
1002 3250 1171 3350 scriptura
1207 3277 1261 3322 re·

241 3367 376 3442 centior
394 3395 468 3443 uno
487 3366 627 3442 saeculo
652 3393 758 3470 quam
776 3368 880 3470 primi
900 3368 1074 3444 credenda
1095 3367 1149 3444 sit.
1175 3366 1261 3444 Ter-

241 3485 309 3559 tius
327 3486 597 3587 mythographus
625 3513 667 3560 ex
692 3485 812 3560 codice
836 3487 993 3562 vaticano
1018 3487 1135 3588 prodit
1152 3513 1260 3562 mem·

241 3603 393 3694 braneo,
418 3604 547 3702 saeculi
565 3584 710 3705 utputo
730 3602 836 3694 XII.,
863 3605 921 3680 cui
941 3603 1086 3679 Fulvius
1105 3603 1257 3680 Ursinus
1296 3614 1302 3627 '

238 3722 416 3823 quondam
443 3723 606 3798 dominus
629 3723 720 3798 hanc
748 3725 968 3825 epigraphem
992 3753 1054 3798 sua
1077 3751 1185 3800 manu
1209 3727 1258 3800 le·

240 3842 304 3918 cit:
330 3869 486 3918 memus
511 3869 555 3918 nr
580 3871 646 3918 ons
671 3871 831 3920 ortmann.
856 3845 944 3920 Ful.
974 3845 1058 3919 Urs.
1084 3843 1183 3919 Idem
1207 3860 1256 3919 ta·

207 3951 316 4034 'men
341 3963 378 4035 in
404 3961 471 4036 alio
495 3964 599 4038 etiam
623 3965 849 4040 membraneo
873 3962 1028 4062 Reginae
1054 3963 1257 4039 codiceoc-

235 4083 369 4176 currit,
396 4083 457 4160 sed
485 4083 621 4160 duobus
646 4087 754 4162 ferme
778 4083 923 4162 saeculis
948 4083 1165 4172 recentiore,
1191 4083 1253 4184 qui
