3634 5336
689 681 744 729 sun
764 679 959 732 1011111110
980 685 1046 730 mr.
1274 661 1347 764 397

360 851 395 908 et
414 837 502 909 viros
520 835 653 910 nobiles
673 837 799 912 habet.
822 836 976 934 Quidam
995 857 1112 913 autem
1132 857 1166 914 et
1184 841 1314 918 litteras
1334 846 1377 917 ab

359 958 407 1030 eis
433 958 589 1030 inventas
622 983 694 1030 esse
725 957 849 1032 dicunt
879 1017 889 1048 ,
921 959 979 1032 alii
1009 989 1029 1032 a
1065 957 1247 1035 Chaldaeis
1278 1021 1288 1052 ‚
1320 963 1378 1036 alii

358 1103 379 1148 a
405 1074 673 1165 Phoenicibus,
699 1075 757 1148 alii
783 1092 899 1150 autem
918 1077 1141 1152 Mercurium
1160 1081 1376 1156 inventorem

361 1211 520 1268 asserunt
543 1195 735 1270 litterarum
756 1225 764 1271 1
799 1211 834 1269 et
863 1193 981 1268 multis
1012 1197 1122 1270 multa
1145 1198 1342 1274 dicentibus
1367 1259 1377 1290 ‚

360 1342 465 1389 nemo
491 1315 586 1418 quod
611 1343 732 1390 verum
752 1332 803 1389 est
828 1314 942 1388 dicere
973 1317 1112 1416 potuit.
1134 1317 1270 1394 Tamen
1295 1321 1375 1393 viris
1453 1383 1454 1386 ,
1488 1308 1491 1316 ¹

358 1437 572 1536 sapientibus
599 1439 645 1538 (a)
671 1452 806 1538 praeter
834 1463 974 1510 omnem
1002 1438 1176 1512 mundum
1200 1437 1378 1540 Aegyptus

357 1555 539 1630 habundat
560 1590 569 1635 1
595 1557 632 1631 in
658 1556 840 1658 metropoli
866 1558 961 1631 enim
980 1556 1054 1630 eius
1074 1558 1283 1634 Alexandria
1303 1561 1397 1635 0111-Δ

357 1704 424 1749 nes
442 1694 560 1774 gentes
579 1678 734 1752 invenies
757 1735 767 1768 ‚
794 1693 830 1752 et
851 1679 967 1752 omnia
983 1679 1266 1780 philosophorum
1282 1711 1377 1782 prae-
1423 1723 1427 1732 ·

360 1815 483 1898 cepta,
504 1826 713 1900 omnemque
734 1799 937 1872 doctrinam.
958 1797 1080 1901 ltaque
1100 1801 1286 1903 aliquando
1306 1830 1379 1877 cer-

353 1919 482 1995 tamine
508 1917 598 1991 sacto
625 1917 876 2018 Aegyptiorum
908 1933 942 1990 et
970 1916 1185 1994 Graecorum
1216 1921 1293 2020 quis
1320 1949 1375 1994 eo-

352 2065 433 2112 rum
463 2037 630 2112 murium.
651 2037 829 2136 accipiat,
863 2037 1051 2134 argutiores
1086 2053 1120 2110 et
1155 2042 1375 2140 perfectiores

350 2157 513 2258 Aegyptii
538 2156 670 2228 inventi
702 2171 817 2244 sunt,
845 2171 880 2227 et
909 2172 987 2255 post
1012 2157 1191 2230 victoriam
1220 2158 1377 2232 murium

354 2279 398 2352 ad
425 2305 483 2351 eos
508 2275 680 2375 pertinere
705 2275 898 2349 iudicatum
924 2292 995 2350 est.
1023 2275 1069 2350 Et
1094 2277 1300 2378 impossibile
1327 2294 1380 2352 est

355 2399 394 2472 in
421 2425 640 2499 quacumque
667 2425 704 2470 re
731 2396 886 2471 invenire
913 2397 1081 2498 sapientes
1107 2399 1281 2498 quomodo
1307 2397 1378 2472 Ae-

356 2519 474 2619 gyptii.
496 2515 541 2590 Et
568 2518 647 2593 ideo
669 2544 788 2591 omnes
816 2517 1009 2618 philosophi
1033 2517 1082 2590 ihi
1106 2545 1240 2618 semper
1267 2545 1378 2592 mora·

357 2639 384 2711 ti
411 2638 568 2711 meliores
595 2639 765 2711 luerunt.
796 2635 879 2710 Non
912 2637 1007 2710 enim
1037 2653 1088 2710 est
1120 2637 1159 2710 in
1187 2638 1235 2711 eis
1263 2639 1376 2740 aliqua

355 2759 542 2858 impostura
566 2815 576 2846 ‚
603 2757 662 2830 sed
689 2757 928 2858 unusquisque
955 2784 1076 2832 eorum
1094 2759 1161 2832 hoc
1183 2785 1218 2833 se
1238 2759 1377 2859 pollice-

352 2896 411 2953 tur
442 2877 583 2976 implere
608 2933 618 2966 ,
644 2875 739 2977 quod
764 2893 857 2949 certe
888 2903 923 2948 se
955 2877 1052 2950 novit
1079 2877 1165 2952 scire
1192 2909 1205 2978 ¹:
1236 2895 1376 2979 propter

353 2997 447 3099 quod
473 3024 546 3070 nou
578 3021 698 3069 omnes
727 2995 917 3083 omnium,
953 2994 1013 3068 sed
1045 2995 1285 3098 unusquique
1316 3025 1378 3071 sua

352 3143 538 3220 persuum
562 3115 781 3214 disciplinam
811 3130 911 3188 ornat
937 3115 1085 3212 negotia.

435 3263 480 3310 21
509 3233 720 3309 Alexandria
735 3250 852 3308 autem
867 3259 994 3333 ,quam
1010 3234 1167 3332 superius
1185 3237 1374 3312 nominavi·

355 3384 460 3446 mus,
481 3355 598 3429 civitas
624 3370 676 3427 est
694 3351 791 3427 valde
810 3352 957 3426 maxima
977 3369 1012 3426 et
1032 3353 1189 3448 eminens
1207 3354 1245 3427 in
1265 3355 1377 3456 dispo-

354 3479 477 3552 sitione
499 3473 786 3578 (1),habundans
806 3473 967 3546 omnibus
986 3471 1086 3546 honis
1107 3489 1143 3546 et
1162 3475 1269 3550 escisr
1292 3503 1375 3549 nam

354 3597 502 3700 piscium
526 3596 591 3672 tria
618 3622 743 3698 genera
769 3593 919 3670 comedit
947 3651 957 3684 ,
983 3592 1078 3694 quod
1104 3591 1209 3668 altera
1237 3595 1374 3694 provin·

422 3835 462 3903 (a)
481 3840 535 3884 coat·
545 3856 607 3886 vom
628 3847 755 3900 rapientes.

435 4040 481 4110 (1)
500 4039 533 4092 ld
545 4051 585 4097 est
595 4054 741 4096 structura
758 4077 765 4099 ‚
784 4051 815 4095 ut
829 4051 933 4097 constat
946 4038 1033 4098 infra.
1054 4037 1101 4092 ubi
1116 4039 1149 4094 de
1169 4039 1275 4094 Nicaea.
