3650 5340
701 669 828 738 moer
850 670 892 735 11.
1154 681 1157 688 ’
1240 664 1283 750 43

296 851 353 902 llac
363 847 403 899 ira
415 851 557 898 commotus
570 837 663 912 Apollo
681 836 767 890 fabros
822 833 964 891 secundum
983 835 1088 890 Livium
1112 832 1193 902 legati
1219 832 1293 904 pacis

297 937 401 992 sicanos
426 931 484 986 lovi
510 930 619 984 fulmina
641 927 767 981 facientes
822 919 1008 978 caduceatores
1036 923 1162 977 dicuntur
1174 929 1187 975 .'
1218 912 1292 974 Sicut

296 1021 445 1078 interiecit.
460 1021 627 1090 Quapropter
646 1013 766 1086 luppiter
822 1012 892 1100 cpim
910 1030 957 1084 per
985 1009 1092 1064 feciales
1118 1009 1188 1062 bella
1219 1007 1293 1061 indi-

296 1129 358 1166 eurn
374 1107 520 1163 divinitate
533 1103 624 1159 exuit.
642 1111 767 1154 ctacae·
821 1099 967 1159 cebamuc.
995 1099 1035 1155 ita
1058 1118 1109 1173 pax
1134 1116 1181 1172 per
1207 1097 1293 1150 cadu-

294 1202 321 1254 lo
341 1197 452 1253 deiecit:
470 1194 520 1266 qui
538 1191 661 1264 expulsus
686 1187 767 1243 boves
822 1197 938 1242 ceatorcs
957 1185 1046 1242 tiebat.
1069 1187 1176 1240 Hermes
1204 1185 1293 1237 autem

297 1286 405 1340 Admeti
430 1284 499 1352 regis
521 1299 567 1354 per
595 1277 660 1331 Illl.
686 1291 769 1331 annos
823 1273 923 1330 dicitur
952 1295 1043 1346 graece
1066 1277 1117 1334 elna*
1143 1281 1188 1342 τῆς
1214 1275 1292 1350 ippo-

297 1372 375 1445 pavit
389 1379 470 1442 'supet
487 1369 614 1422 Eurotam
638 1363 767 1422 fluvium·
821 1367 904 1436 crine,
924 1367 1006 1420 latine
1026 1367 1165 1440 interpres.
1184 1363 1239 1436 Qui
1257 1355 1292 1418 ob

298 1460 346 1514 ubi
365 1475 445 1532 quam
462 1457 551 1531 plures
568 1453 667 1508 babuit
679 1452 757 1507 filios.
820 1457 948 1512 virtutem
974 1457 1168 1528 multarumque
1192 1452 1292 1506 ortium

704 1553 706 1558 ’
821 1539 960 1600 scientiam
980 1545 1186 1614 Trismegistus,
1206 1542 1294 1595 idest

351 1649 410 1708 ¹¹9
428 1628 555 1687 Mercurii
573 1636 600 1681 et
618 1624 716 1680 lliaiac.

335 1754 488 1882 Iuppiter·
507 1805 592 1859 iacuit
628 1801 656 1856 in
686 1798 769 1853 Ciileo
787 1826 790 1834 ·

303 1911 469 1956 montetum
495 1895 595 1952 Maia„
616 1903 644 1946 ct
668 1887 768 1943 babuit

301 1991 385 2044 illium
403 1985 581 2041 Mercurium.
599 1999 677 2054 qoem
700 1980 769 2032 luno

303 2085 342 2134 ita
359 2077 471 2134 dilexit,
484 2075 558 2146 quod
570 2072 677 2145 propria
690 2086 770 2121 mam·

303 2187 345 2222 ma
361 2185 419 2221 eum
437 2163 563 2222 lactarit,
580 2171 608 2215 et
625 2171 706 2213 artem
720 2175 771 2211 me·

302 2251 389 2310 dicam
419 2250 582 2306 insinuavit·
608 2247 686 2300 Pater
711 2261 772 2298 vcro

305 2346 420 2402 tradidit
438 2345 462 2397 ci
488 2341 589 2410 virgam
611 2339 752 2392 caduceum
760 2357 770 2400 ;

306 2451 359 2504 qua
378 2433 401 2486 si
419 2448 498 2502 quem
515 2447 548 2481 ex
568 2425 690 2494 grossiori
707 2441 772 2495 par-

305 2532 333 2573 te
351 2533 366 2571 a
384 2517 472 2588 capite
499 2523 629 2580 tangeret.
656 2527 771 2563 morere-

305 2621 368 2673 tur3
386 2623 536 2679 quemvcro
556 2623 571 2656 a
590 2601 703 2657 subtili.
726 2599 770 2653 vi-

304 2705 385 2752 ceree
403 2695 550 2750 Mercurius
570 2691 647 2762 quasi
668 2687 771 2742 medius

304 2786 409 2860 currens
420 2785 520 2839 dicitur
531 2781 688 2852 appellatus.
698 2777 771 2850 quod

304 2863 389 2928 selmo
400 2883 489 2926 currat
503 2871 571 2924 inter
579 2869 699 2922 homines
715 2883 771 2919 me·

306 2962 386 3028 dius3
405 2961 475 3015 unde
493 2971 520 3014 et
537 2961 612 3015 velox
630 2969 658 3012 et
680 2977 770 3014 errans

304 3047 452 3102 inducitur.
471 3047 535 3100 illae
551 3046 608 3098 eius
638 3045 665 3098 in
685 3046 772 3116 capite

305 3148 334 3191 et
353 3137 383 3190 in
399 3134 513 3208 pedibus
531 3133 681 3202 significant
699 3135 773 3188 volu·

304 3243 374 3278 crem
391 3222 454 3276 ierri
473 3237 519 3293 per
538 3226 598 3273 atra
626 3236 770 3273 sermonem

305 3311 436 3367 Nuntium
454 3308 564 3366 dieunt,
583 3307 707 3378 quoniam
726 3325 772 3378 per

304 3417 447 3456 sermonem
465 3397 553 3452 omnia
571 3397 687 3464 cogitata
706 3415 773 3448 nun·

306 3489 418 3541 riantur.
436 3486 500 3540 Ideo
519 3495 606 3538 antem
624 3482 690 3536 furti
716 3486 785 3535 ma-'

308 3576 418 3644 gistrum
445 3577 564 3633 dicunt,
597 3573 663 3645 quia
690 3592 774 3629 sermo

308 3663 407 3718 ammos
425 3663 591 3716 audientium
611 3661 687 3714 fallit.
715 3661 774 3715 Vir·

308 3769 365 3818 gam
382 3761 453 3805 tenet
471 3767 525 3820 qua
542 3759 677 3820 terpentes
700 3749 773 3801 divi-

306 3837 365 3894 dit,
384 3837 471 3891 idest
489 3853 602 3890 venena:
631 3853 690 3888 nam
714 3834 773 3888 bel-

305 3927 390 3980 lantss
409 3941 440 3977 ac
458 3924 616 3979 dissidentes
643 3921 772 3995 interpre-
797 3941 798 3949 ¹

306 4025 363 4068 tom
392 4015 512 4071 oratione
538 4013 682 4076 sedantem
702 4013 772 4066 unde

825 1625 864 1690 ter
876 1635 1005 1689 maximus
1018 1633 1168 1688 nominatus
1178 1641 1226 1684 est·
1240 1629 1294 1683 Cur

825 1735 912 1776 autem
931 1739 989 1775 eum
1009 1720 1097 1791 capite
1117 1718 1212 1771 canino
1240 1717 1295 1769 fin-

825 1820 905 1880 gunt.
923 1807 989 1860 haec
1003 1807 1072 1859 ratio
1087 1804 1204 1862 dicitur,
1222 1803 1296 1874 quod
1379 1825 1380 1830 ¹

825 1901 895 1954 inter
906 1895 1002 1953 'omnia
1020 1895 1145 1949 animalia
1164 1893 1236 1947 canis
1255 1910 1296 1948 sa·

825 1985 994 2056 purissimum
1014 2001 1095 2053 genus
1114 1993 1141 2036 et
1157 1980 1294 2054 perspicax

825 2073 966 2126 habeatur.

864 2179 923 2224 rao.
945 2157 1054 2212 Semeles
1079 2168 1107 2210 et
1129 2154 1179 2210 filii
1202 2153 1259 2208 elus

967 2245 1058 2299 Liberi
1076 2243 1171 2316 patris.

862 2370 1000 2496 Iuppiter
1018 2439 1076 2474 cnm
1105 2417 1203 2472 Semele
1229 2433 1294 2470 con·

827 2513 935 2571 cubuit.
955 2513 988 2564 de
1005 2527 1059 2579 qua
1073 2515 1152 2561 iratus
1164 2511 1204 2558 est
1216 2501 1296 2557 L'ibcr

828 2615 909 2677 pater·
929 2599 972 2654 Ad
996 2613 1076 2667 quam
1101 2612 1160 2647 cum
1187 2592 1297 2645 fulmine

827 2693 949 2752 veniens,
968 2691 1012 2744 illa
1031 2685 1145 2758 crepuit.
1161 2683 1237 2737 Unde
1249 2700 1296 2754 pa·

827 2795 866 2836 ter
890 2798 1000 2852 puerum
1018 2777 1130 2832 tollens.
1149 2773 1177 2826 in
1202 2771 1298 2824 femore

826 2891 874 2928 suo
886 2872 971 2926 misit:
985 2879 1045 2943 post
1059 2863 1162 2922 Maroni
1179 2860 1298 2916 nutrien-

827 2963 889 3015 dum
907 2959 994 3013 (ledit.
1011 2957 1062 3010 Hic
1080 2953 1185 3008 Indiam
1208 2947 1295 3002 debel-

826 3049 907 3105 lavit.
925 3057 953 3100 et
973 3045 1040 3098 inter
1065 3042 1127 3095 deos
1153 3039 1297 3109 deputatus

827 3146 875 3188 est·
894 3135 990 3202 ltaque
1013 3149 1072 3183 cum
1100 3125 1199 3180 Semele
1227 3139 1297 3193 qua-

827 3235 887 3278 tuor
913 3203 1024 3275 sororcs⁹
1041 3215 1188 3290 appellatae
1216 3222 1297 3270 sunt,

826 3312 889 3368 loo.
911 3309 1048 3362 Autonoe.
1066 3304 1179 3360 Semele,
1190 3311 1218 3354 ct
1231 3299 1300 3367 Agu-

826 3417 877 3457 ve,
895 3413 965 3470 quac
982 3394 1071 3460 Agave
1085 3401 1165 3464 caput
1180 3377 1230 3443 lilii
1243 3388 1299 3442 vio·

826 3488 911 3540 lenter
931 3481 1055 3536 abscidit.
1073 3477 1129 3531 Hae
1146 3475 1210 3528 llll·
1224 3492 1297 3528 soro·

828 3591 868 3626 res
878 3569 996 3626 Bacchae
1007 3567 1095 3622 dictae
1106 3571 1175 3618 sunt·
1189 3573 1216 3616 et
1230 3561 1298 3629 mys·

828 3661 881 3716 tice
904 3675 950 3732 per
975 3657 1043 3716 has,
1069 3653 1134 3709 1111.
1160 3647 1298 3704 ebrietatis

828 3765 922 3814 genera
940 3744 1095 3813 signantem
1116 3738 1144 3792 id
1161 3747 1202 3792 est
1219 3737 1298 3792 vino-

828 3833 925 3890 lentia,
939 3829 1053 3888 oblivio,
1066 3825 1171 3885 libido,
1185 3821 1297 3878 insania·

830 3927 896 3979 luno
914 3934 1001 3978 autem
1022 3929 1169 3992 suspectam
1187 3913 1299 3970 eandem

827 4013 941 4066 Semelen
969 4007 1063 4066 Cadmi
1088 4017 1115 4061 et
1143 4004 1297 4058 Hermiones
