3638 5332
637 704 693 752 sm
712 669 909 754 commum
930 705 989 754 mr
1218 691 1295 790 407

295 863 480 963 tapolitana
505 863 600 962 regio
626 863 784 965 nequitur
811 922 822 953 ‚
852 863 988 940 modica
1015 865 1158 968 quidem
1184 869 1244 944 ted
1270 869 1321 946 di-

294 1012 351 1058 ves
377 983 547 1059 buotibus
573 1000 608 1057 et
634 985 830 1076 iumentis,
856 1013 945 1088 quae
971 986 1057 1062 duas
1075 989 1180 1064 babet
1205 991 1322 1066 civite·

289 1120 340 1176 tea
370 1101 528 1203 antiquae
560 1101 812 1178 Ptolemaidem
842 1121 878 1178 et
911 1103 1076 1206 Cyrenen
1106 1149 1124 1200 ,·
1147 1137 1233 1211 quae
1265 1109 1317 1184 di·

292 1239 379 1298 cunt
405 1223 591 1324 aliquando
623 1251 818 1322 regnasse.
851 1223 937 1300 Post
969 1255 1075 1328 quam
1107 1231 1212 1306 altera
1237 1257 1315 1331 pro·

292 1345 431 1435 vincia,
451 1373 541 1445 qnae
561 1343 669 1446 Libya
695 1345 824 1420 dicitur
843 1405 852 1437 ‚
874 1347 917 1421 ab
943 1376 1074 1426 occasu
1092 1355 1143 1453 (ι)
1166 1351 1315 1428 Alexan·

294 1465 388 1538 driae
413 1463 569 1565 proxima
594 1521 603 1554 ,
630 1492 718 1564 quae
745 1492 818 1539 non
846 1467 1020 1568 accipiens
1045 1497 1171 1572 aquam
1197 1499 1216 1546 e
1243 1498 1317 1546 cae-

290 1585 359 1674 lo,
385 1585 488 1683 inops
514 1599 565 1657 est
589 1583 687 1658 valde
711 1642 723 1675 ,
749 1600 784 1658 et
808 1585 898 1660 viros
925 1588 1147 1686 paucissimos
1173 1589 1276 1664 habet
1306 1647 1316 1682 ,

291 1701 351 1776 sed
376 1703 485 1776 bonos
511 1703 700 1803 prudentes
726 1720 761 1776 et
786 1705 870 1803 pios.
897 1703 1004 1780 Unde
1031 1724 1148 1781 autem
1175 1709 1223 1782 eis
1248 1708 1317 1782 boo

290 1824 453 1898 bonum?
472 1821 566 1895 Puto
585 1821 680 1922 quod
705 1822 748 1894 ab
769 1822 964 1897 eruditione
984 1823 1100 1896 divina
1123 1827 1186 1926 (α).
1207 1823 1317 1900 Dein·

291 1925 335 2001 de
361 1929 459 2002 locus
484 1927 641 2027 seqnitur
667 1924 909 2004 Alexandriae.
936 1926 1033 2001 Haeo
1059 1945 1110 2000 est
1129 1945 1248 2004 autem
1266 1945 1318 2006 to·

291 2045 359 2118 tius
385 2045 477 2119 orbis
498 2061 609 2118 terrae
636 2044 858 2144 descriptio,
883 2072 989 2146 quam
1015 2073 1058 2120 ex
1083 2065 1179 2148 parte
1203 2049 1316 2150 potni-

291 2189 369 2237 mus
390 2191 560 2240 enarrare.

344 2286 393 2387 39
421 2283 530 2358 Nune
549 2284 620 2356 iam
644 2282 749 2356 etiam
774 2283 818 2356 de
844 2283 967 2356 insulis
992 2310 1103 2384 pauca
1128 2284 1315 2366 dieamus.

290 2403 405 2478 Habes
431 2430 512 2501 ergo
543 2404 586 2477 ab
618 2404 751 2478 oriente
786 2403 933 2502 primam
958 2403 1108 2478 insulam
1141 2421 1178 2480 et
1208 2407 1314 2482 maxi·

290 2551 384 2598 mam
412 2521 600 2623 Cyprum,
627 2549 715 2624 quae
742 2550 815 2596 non
842 2538 920 2621 eget
945 2523 1085 2598 alteriue
1115 2525 1312 2626 provinciae

287 2645 326 2716 in
352 2643 407 2716 hie
432 2672 522 2746 quae
548 2643 592 2717 ad
618 2641 814 2716 faciendam
839 2667 963 2718 navem
987 2662 1071 2718 sunt
1094 2645 1314 2724 necessariae

287 2763 326 2836 in
351 2791 389 2836 se
415 2763 511 2836 enim
536 2761 663 2836 babere
690 2761 806 2836 omnia
831 2762 1034 2862 perhibetur
1064 2819 1075 2854 ‚
1102 2764 1170 2840 boo
1196 2781 1249 2839 eet
1273 2765 1313 2839 li-

290 2911 359 2981 gna
383 2881 540 2972 diversa,
559 2897 817 2973 aeramentum,
843 2883 996 2973 ferrum,
1015 2883 1155 2984 picem,
1174 2881 1313 2978 linum,

289 3018 324 3076 et
349 3003 494 3077 restium
519 3029 624 3078 usum
644 3032 655 3078 z
673 3019 709 3075 et
733 3001 807 3074 aliie
832 3001 952 3075 multis
978 3002 1079 3076 bonis
1108 3003 1154 3106 (a)
1183 3003 1313 3080 dieitur

287 3121 511 3198 habundare.
536 3119 678 3210 Deinde
703 3119 868 3212 Euboea,
895 3147 1001 3223 quam
1027 3149 1099 3196 esee
1125 3121 1223 3198 valde
1248 3151 1312 3200 no·

286 3239 393 3314 bilem
416 3241 558 3330 serunt,
579 3255 614 3314 et
632 3239 750 3314 multis
775 3239 877 3316 bonit
897 3255 1070 3314 ornatam.
1091 3237 1177 3314 Poet
1201 3241 1310 3340 ipsam

286 3359 415 3434 insulae
440 3360 594 3435 invenies
623 3357 812 3460 Cycladas,
832 3387 920 3460 quae
946 3357 1029 3433 lieet
1047 3357 1177 3433 multae
1203 3360 1307 3454 sint,

287 3505 407 3553 omnes
432 3497 549 3556 tamen
575 3507 679 3554 suum
705 3478 857 3554 iudicem
882 3479 1014 3553 babent
1038 3509 1047 3556 ε
1073 3505 1221 3582 qnorum
1248 3479 1309 3556 ali·

285 3625 371 3698 quas
391 3617 426 3672 et
444 3601 586 3675 nomine
607 3627 797 3676 memorare
817 3625 958 3674 neeesse
985 3613 1045 3674 ott.

351 3799 389 3864 (a)
407 3805 462 3849 cod.
473 3806 524 3848 atr·
542 3805 619 3849 muln
637 3807 701 3850 tona.

364 3962 414 4031 (r)
435 3964 555 4016 Occoerm
567 3963 668 4017 dicitur
686 3964 719 4018 de
736 3963 790 4018 ritu
810 3959 1000 4018 Alexandrina.

366 4049 413 4122 (n)
432 4051 554 4120 Intelligo
568 4052 719 4122 religionem
739 4051 919 4106 christianam.
