3628 5336
519 645 581 710 alla

488 827 516 862 ra
532 847 538 866 .
557 809 626 880 opud
643 806 779 860 nonnullos
791 803 866 859 tibin
877 803 967 856 illisi-e

487 897 594 952 musicis
603 891 792 948 exercebuntur
808 892 966 944 iustrumen-

486 991 532 1040 tis·
551 987 618 1038 Sane
636 997 708 1051 moys
725 969 816 1046 gradec
834 978 875 1050 (r)
897 997 965 1048 aqua

486 1076 602 1128 dicitur:
630 1071 690 1124 inde
704 1085 777 1122 mure
789 1067 865 1138 quasi
882 1083 967 1136 aquu-

485 1166 556 1216 ticu:
580 1167 624 1214 aer
643 1159 712 1212 euim
731 1175 777 1228 per
797 1167 973 1212 ttrturrusca-¹

482 1251 569 1303 nentis
583 1247 734 1314 egrediens.
749 1245 857 1297 humore
876 1259 965 1311 acptu-

480 1338 571 1402 pitnr:
591 1351 636 1386 nec
657 1349 779 1402 umquem
793 1349 837 1402 per
849 1329 964 1398 gutturis

480 1423 613 1478 fistulam.
632 1421 682 1471 nini
692 1418 809 1470 liumoris
828 1417 962 1470 adiutorio

478 1509 593 1560 canitur.
612 1507 757 1558 Secundum
774 1505 916 1557 Varronem
933 1521 961 1556 e·

478 1595 543 1648 tium
553 1595 624 1664 iprae
634 1603 696 1646 srint
709 1610 798 1645 murae
807 1607 876 1661 quae
889 1609 962 1658 nym-

477 1685 545 1754 phae
559 1703 569 1748 5
583 1691 651 1740 uec,
671 1693 702 1733 ut-
720 1681 759 1734 ait
771 1679 893 1734 Seruius.
911 1680 961 1730 im-

476 1773 578 1826 merito,
597 1771 662 1822 Nam
686 1785 770 1836 aquae
786 1806 793 1827 .
810 1769 899 1838 iuquit
917 1787 960 1820 oo·

475 1877 525 1912 nut
540 1897 547 1916 ,
565 1861 682 1912 musicen
697 1859 796 1914 efficit,
816 1869 846 1910 ut
863 1857 890 1910 itt
909 1857 960 1925 hy-

477 1947 587 2000 drauliis
608 1949 634 1998 id
651 1958 690 1998 cst
707 1945 841 2016 aquaticis
858 1945 962 2011 organis

475 2037 602 2088 ridemus.
619 2035 689 2086 ldern
709 2034 789 2100 etium
810 2033 895 2092 Varro
909 2042 961 2084 tres

475 2135 578 2178 tanturn
594 2140 648 2176 essu
659 2139 745 2176 musar
762 2130 962 2188 commemorem

472 2229 550 2261 unam
561 2227 632 2279 quae
641 2228 672 2262 cx
688 2227 771 2278 aquae
782 2209 899 2262 nascitur
909 2224 962 2280 ruo-¹

471 2309 522 2362 tu;
543 2298 651 2350 alterato
675 2315 754 2364 quarn
770 2296 837 2348 aeris
850 2293 897 2349 icti
918 2293 959 2346 el·

472 2385 528 2438 ficit
538 2401 632 2446 sonum
649 2385 727 2438 tertia
738 2401 807 2454 qnae
822 2400 890 2436 tuere
903 2394 959 2434 tau·

468 2481 525 2522 turn
536 2489 598 2525 voce
609 2471 740 2525 consistit.
752 2471 850 2522 llarurn
873 2487 958 2522 rerum

468 2559 625 2624 caliginosae
646 2573 694 2624 ego
715 2555 885 2610 diversitates
900 2575 956 2610 meo

466 2662 573 2697 censeor
593 2645 700 2711 ingenio
718 2643 860 2698 honerotas
877 2645 957 2702 ‚attis

469 2729 651 2784 discutiendae
663 2747 781 2802 sanaque
796 2733 955 2804 interpreta-

466 2817 540 2868 tione
559 2816 730 2870 elucidandas
750 2836 867 2890 propono
890 2839 898 2872 ε
921 2838 954 2874 ne

466 2906 506 2956 vel
516 2921 666 2970 magnorum
678 2904 887 2958 auctoritatibus
895 2925 954 2978 par·

463 2991 532 3044 vitas
552 3007 609 3042 mea
630 2989 775 3058 refragetur
794 3013 803 3056 5
827 2993 867 3046 vel
887 3013 951 3065 apo.

463 3080 704 3151 cryphaopronreus
717 3081 893 3140 traditiones,
907 3087 950 3136 in-

463 3166 606 3236 telligendo
625 3169 719 3223 luciam
738 3181 768 3222 ut
791 3171 858 3222 nilril
874 3174 951 3224 iutel-

466 3257 553 3324 ligant.
579 3315 580 3320 η

536 3433 796 3486 Tuncrnrus
828 3435 875 3488 tx.

596 3621 632 3662 D!
653 3626 805 3664 unctium.

474 3803 495 3836 r·
515 3727 685 3840 Secundum
697 3785 765 3846 lovis
776 3786 857 3838 illium
869 3787 940 3840 iller-

454 3875 555 3924 cnrium
572 3872 681 3930 volant,
700 3874 825 3926 sermonis
842 3873 939 3929 villell-

479 4025 518 4090 (ι)
535 4034 609 4074 Immo
627 4031 771 4088 aegyptiaco,

708 637 1072 708 nttuocttuut‘nt‘s
1096 639 1287 711 TERTIUS

1024 815 1065 856 cet
1083 816 1107 855 rt
1127 806 1294 876 eloquentiae
1313 809 1413 862 ‹leum·
1437 809 1511 866 llnne

1022 893 1137 944 merliurn
1156 905 1321 954 currentem,
1343 897 1408 966 quia
1428 915 1510 953 renuo

1023 977 1092 1032 inter
1107 978 1172 1034 duur
1187 981 1303 1045 seritur3
1320 983 1359 1036 rel
1384 995 1511 1037 tuerentu-

1022 1081 1079 1116 rum
1094 1066 1174 1140 turipum
1195 1068 1220 1118 id
1236 1079 1277 1120 ert
1297 1070 1450 1134 domiuunr;
1467 1073 1507 1124 rel

1020 1157 1161 1210 tectttulum
1172 1158 1339 1224 Fulgcutluru
1353 1177 1448 1214 merces
1458 1179 1507 1210 cn-

1020 1255 1119 1296 rantom
1149 1246 1377 1317 interpretantur.
1400 1250 1506 1302 Prucest

1020 1331 1088 1382 enirn
1107 1335 1294 1386 mercatoribus
1318 1371 1324 1389 ,
1347 1336 1415 1387 iuter
1440 1353 1507 1404 quus

1017 1421 1143 1473 sunnonis
1163 1421 1249 1474 rirnu
1271 1433 1303 1476 et·
1324 1408 1427 1475 centula
1449 1441 1507 1475 mn-

1017 1505 1087 1557 anne
1107 1506 1199 1574 viget·
1219 1509 1324 1562 utetur
1341 1497 1368 1562 n
1387 1510 1505 1562 uniat·

1017 1602 1098 1644 natue
1114 1627 1122 1650 ,
1138 1595 1203 1662 quia
1224 1593 1290 1646 lraec
1307 1596 1379 1663 regio
1398 1597 1503 1666 praeei-

1016 1693 1089 1747 puc,
1107 1689 1137 1730 nt
1152 1679 1191 1730 ait
1207 1681 1359 1748 Remigius,
1374 1683 1501 1751 eloquen-

1019 1765 1074 1818 tiae
1085 1769 1200 1821 studuit.
1211 1771 1318 1822 Dicitur
1334 1771 1440 1823 dtur-um
1453 1789 1505 1823 nu-

1017 1855 1081 1924 ptiis
1099 1857 1242 1913 interesse.
1263 1859 1327 1926 quia
1351 1862 1377 1910 iu
1400 1861 1501 1930 nuptiis

1017 1959 1101 1996 aerum
1118 1946 1259 2014 plurimum
1273 1949 1342 1999 valet
1355 1967 1361 1997 =
1374 1947 1409 1998 ilii
1431 1949 1501 2000 euim

1018 2029 1183 2084 internuncia
1198 2035 1237 2083 rel
1252 2035 1385 2086 ruissetica
1400 2071 1406 2090 ,
1428 2048 1455 2084 rt
1476 2037 1503 2085 iil

1016 2133 1096 2184 genus
1105 2120 1217 2188 plurima
1228 2121 1386 2174 discurrunt.
1396 2124 1503 2175 Dicitur
1523 2133 1530 2162 l

1016 2218 1075 2276 post
1087 2208 1234 2278 Apollinem
1243 2221 1336 2270 natns3
1345 2211 1420 2280 prius
1431 2213 1502 2262 enirn

1017 2295 1088 2364 apud
1105 2297 1238 2366 sapientes
1257 2297 1411 2356 consilinm.
1428 2299 1500 2368 quod

1017 2399 1064 2452 per
1084 2381 1230 2454 Apollinem
1252 2388 1330 2439 deum
1358 2388 1506 2458 sapientiae

1016 2465 1186 2538 designatur.
1201 2473 1228 2524 iu
1247 2475 1367 2542 qualibet
1383 2493 1410 2526 re
1422 2493 1502 2528 caco-

1014 2557 1135 2624 gitatnr3
1150 2561 1253 2612 demum
1269 2579 1370 2619 sermo.
1389 2563 1435 2632 qui
1453 2581 1501 2633 per

1015 2645 1175 2698 Mercurium
1189 2647 1432 2718 intelligitur,qund
1444 2666 1500 2719 pro·

1014 2731 1098 2784 risum
1122 2732 1203 2786 luerit
1224 2771 1232 2790 .
1254 2735 1385 2788 enuntiat.
1406 2735 1500 2802 Fingit

1014 2816 1075 2872 iude
1086 2819 1234 2872 Martianus
1243 2821 1413 2887 Philologirru
1430 2837 1498 2890 uxo-

1010 2923 1063 2958 rem
1086 2906 1211 2960 duriore.
1231 2908 1310 2977 eique
1330 2908 1403 2960 -vn-
1424 2919 1497 2960 artes

1009 2994 1130 3048 liberales
1155 2995 1181 3047 in
1210 2996 1297 3048 ‹lotem
1326 2996 1496 3070 coptulisse.

1007 3081 1152 3148 Plrilolugia
1168 3082 1249 3150 igitur
1269 3083 1386 3134 studium
1405 3082 1446 3136 rel
1466 3101 1497 3134 a·

1006 3187 1062 3223 ruer
1081 3171 1193 3224 rationis
1209 3173 1421 3242 iuterpretatur:
1445 3191 1493 3243 po-

1006 3261 1080 3312 nitur
1106 3269 1192 3312 autern
1215 3261 1242 3314 in
1266 3279 1375 3331 persona
1409 3262 1494 3314 rat'o·

1004 3349 1046 3402 nir
1058 3385 1065 3404 .
1079 3346 1226 3400 Mercurius
1240 3367 1300 3404 vero
1320 3350 1347 3401 in
1362 3347 1443 3401 simili
1459 3367 1491 3399 u·

1003 3435 1066 3488 diue
1086 3433 1226 3490 lacuudiae
1238 3437 1408 3488 etrcrmonic·
1423 3436 1491 3488 Cunr

1001 3539 1062 3590 ergo
1086 3524 1114 3576 iu
1130 3521 1251 3592 rapiente
1271 3522 1335 3574 hacc
1353 3521 1406 3574 tuo
1424 3539 1489 3575 con·

1002 3609 1151 3666 venerint.
1176 3619 1202 3662 et
1231 3625 1340 3661 acumen
1362 3607 1487 3661 videlicet

999 3699 1111 3753 rationis
1135 3706 1162 3749 et
1191 3695 1314 3749 lacuudia
1339 3699 1487 3752 sermonis.

998 3799 1063 3842 tunc
1081 3786 1275 3856 quodammodo
1291 3786 1438 3840 Mercurius
1458 3796 1485 3838 et

995 3876 1142 3944 Philologia
1152 3877 1288 3930 sociantur
1301 3895 1310 3940 ς
1323 3887 1441 3944 tuncque
1454 3879 1488 3930 art
