3666 5338
484 683 527 753 9²
774 655 1143 732 MYTHOGRAPHUS

475 845 551 904 opem
568 825 648 883 terret
659 863 666 886 .
678 809 941 882 terr'aemiserntione
993 827 1148 898 ras.Qurrta
1160 825 1347 885 Tlrnlis.i‹lest
1361 829 1427 884 dans
1435 847 1479 882 en·

475 929 537 972 ante
551 915 721 972 concubitum
741 916 768 968 in
778 915 881 967 laurum
900 923 940 968 est
991 914 1203 988 pscitstemla).
1218 917 1468 986 quneoomoetlisss

473 1021 614 1062 conversa.
631 1015 658 1058 et
677 1003 711 1058 sb
723 1003 844 1074 Apolline
859 1001 887 1054 in
898 1009 942 1053 tu·
993 1005 1059 1076 qnia
1071 1016 1133 1078 post
1148 1005 1333 1062 desiderium.
1347 1022 1415 1076 opas
1435 1017 1477 1060 est

473 1093 554 1148 telam
579 1103 693 1165 recepta·
719 1091 825 1148 Dicitur
852 1101 941 1144 antem
993 1094 1151 1168 crpscitste·
1175 1093 1277 1164 Quinta
1308 1092 1473 1163 polymnia,

473 1183 553 1238 Penei
574 1181 692 1235 lluminis
710 1181 765 1234 fllia
782 1197 858 1240 esse.
876 1167 944 1251 qnia
995 1180 1024 1234 iel
1055 1191 1098 1236 est
1125 1179 1203 1254 plora
1235 1178 1400 1238 recordans.
1433 1179 1478 1234 vel

474 1272 565 1326 laneus
583 1269 618 1326 de
636 1269 788 1326 fluvialibus
802 1268 880 1340 aqnis
898 1284 942 1320 na·
995 1269 1094 1323 multae
1111 1268 1265 1326 memoriae.
1286 1286 1356 1339 quse
1374 1267 1469 1322 rheto-

472 1359 649 1431 soitur.quae
660 1370 689 1413 et
700 1357 727 1412 in
738 1359 856 1412 eiusdem
864 1356 942 1409 Penei
1001 1358 1102 1420 cicant
1120 1355 1185 1426 quia
1198 1365 1259 1427 post
1279 1355 1475 1428 capecitatent·

473 1447 590 1500 fluminis
608 1446 674 1520 ripis
694 1444 821 1499 abundat·
850 1443 942 1498 llmicn
995 1445 1120 1498 memoria
1138 1454 1178 1498 est
1199 1443 1358 1496 necessaria·
1394 1441 1475 1494 Sexte

474 1533 605 1606 Apollinis
618 1534 678 1588 ideo
692 1533 794 1586 dicitur
808 1531 891 1602 ‚qnia
903 1529 943 1582 illi
995 1546 1036 1589 eor
1054 1536 1136 1587 Erato
1152 1569 1159 1591 ‚
1174 1530 1203 1584 id
1220 1540 1261 1585 ut
1282 1529 1419 1584 invenie„
1435 1529 1477 1582 ῃ.

473 1625 523 1693 qul
550 1622 585 1675 ‹le
602 1619 763 1676 somniorum
781 1619 944 1691 interprete-
996 1625 1077 1685 mile,
1102 1641 1173 1696 qnae
1190 1621 1377 1692 geometriam
1402 1621 1469 1691 qnia

473 1709 548 1762 lione
565 1707 744 1781 seripserunt.
763 1707 943 1779 promittunt.
997 1723 1059 1784 post
1070 1709 1210 1766 scientiam
1224 1719 1253 1762 et
1268 1709 1418 1764 memoritur
1432 1725 1474 1763 eo·

472 1797 496 1852 si
506 1797 597 1851 lsnrus
609 1794 803 1852 dormientibus
813 1794 848 1846 sd
861 1803 943 1865 caput
996 1811 1077 1854 nator
1089 1798 1193 1870 aliquid
1204 1797 1256 1851 sibi
1270 1797 1355 1852 simile
1368 1797 1403 1850 de
1420 1815 1470 1851 suo

473 1885 603 1960 ponitur.
622 1903 686 1941 vers
698 1901 742 1941 eos
760 1884 863 1941 risuros
876 1899 943 1938 esse·
998 1887 1127 1942 invenire·
1141 1886 1260 1958 Septim
1276 1883 1469 1956 Terpsichore.

954 2043 956 2046 Ι
998 1975 1028 2028 it
1055 1985 1098 2030 est
1116 1975 1320 2030 instructionem
1343 1973 1476 2032 formans·

472 2059 516 2126 sl·
534 2059 573 2114 lle
588 2057 647 2116 eins
664 2077 758 2116 norem
778 2060 873 2116 llusis·
892 2057 934 2132 (r)
997 2079 1068 2133 qnae
1082 2061 1244 2134 psalterium.
1260 2063 1328 2130 Ergo
1348 2072 1410 2134 post
1431 2061 1473 2115 in·

997 2150 1147 2205 tentionem
1170 2149 1470 2222 oportetetiamdiscer·

509 2178 657 2310 Apollini
686 2233 775 2289 vnn.
813 2235 943 2307 deputant
999 2256 1061 2292 nere
1080 2251 1108 2294 et
1131 2237 1326 2310 iudicareqnid
1346 2239 1476 2293 invenias·

472 2321 873 2396 Mnsm.ipsumquedecimum
886 2323 943 2376 llu-
1000 2329 1104 2380 Οοῑινιι
1127 2325 1246 2382 Urania.
1267 2325 1297 2378 id
1314 2335 1355 2379 ert
1369 2327 1479 2380 sonori-

472 2411 510 2466 sis
519 2408 643 2465 adiciunt
654 2445 661 2468 .
672 2427 704 2464 ea
714 2426 793 2462 musa
805 2409 879 2480 quod
889 2408 943 2462 lto·
998 2425 1040 2469 tns
1051 2413 1171 2469 caelestis
1181 2449 1188 2471 .
1199 2414 1240 2468 vel
1250 2412 1322 2468 bona
1331 2433 1383 2467 ror
1392 2449 1399 2473 .
1409 2431 1479 2486 quse

473 2516 567 2554 menae
585 2497 658 2554 vocis
672 2497 763 2553 decem
774 2507 839 2552 snnt
852 2497 944 2552 modu·
1001 2501 1181 2570 astrologiam.
1214 2499 1276 2556 Post
1305 2499 1478 2554 diiudicatio-

471 2588 580 2642 lnmina.
598 2589 726 2642 llosrero
739 2587 828 2640 Vllll·
852 2589 943 2642 Musas
999 2607 1058 2644 nem
1076 2589 1146 2643 eninr
1173 2587 1251 2658 eligis
1277 2588 1351 2659 qood
1379 2585 1476 2644 diors.

474 2675 613 2732 doctrinae
630 2686 658 2730 et
676 2673 804 2729 scientiae
813 2675 944 2728 edicimus
1000 2677 1075 2748 qnod
1099 2693 1225 2749 respuas:
1243 2675 1339 2746 eligere
1354 2675 1425 2728 euim
1448 2693 1477 2728 u·

471 2763 573 2818 modos·
593 2763 681 2816 Prima
699 2773 740 2817 est
757 2762 837 2821 Clio.
862 2763 943 2834 quasi
998 2767 1075 2824 tile.
1103 2765 1286 2836 earlucomqne
1313 2765 1473 2836 despicere.

470 2851 601 2918 cogitatio
615 2851 703 2923 prims
723 2849 844 2902 discendi
857 2867 946 2919 ‚quse
996 2853 1108 2910 caeleste
1117 2853 1250 2922 ingenium
1261 2863 1314 2930 est3
1324 2852 1400 2906 llona
1411 2851 1472 2906 cst·

472 2943 571 3012 reperit
600 2939 746 2994 historias·
766 2939 849 3004 illine
874 2939 945 2992 enin
997 2941 1140 3012 liope.vel
1170 2941 1288 3013 optimae
1315 2940 1403 2996 vocis.
1428 2939 1470 2995 vel

470 3027 638 3100 graecelams
648 3029 837 3100 dieiturequis
851 3029 942 3082 nullus
1000 3033 1102 3104 optima
1119 3030 1258 3090 tribuens.
1271 3047 1341 3100 qnae
1354 3027 1470 3083 litteras·

469 3118 610 3172 scientiam
620 3117 748 3189 quaerit.
766 3118 821 3171 nisi
841 3117 870 3171 in
888 3133 944 3186 qus
996 3123 1065 3190 llrgo
1077 3121 1116 3173 sic
1128 3119 1194 3174 ordo
1210 3131 1271 3174 ests
1291 3119 1404 3191 primurn
1419 3119 1469 3172 rel·

469 3205 555 3260 lamae
568 3223 631 3260 suae
642 3205 757 3278 protelet
774 3203 942 3272 dignitatem.
995 3209 1022 3264 lo
1038 3208 1206 3266 doctrinam,
1221 3209 1364 3262 „eundum
1385 3209 1467 3262 deloc-

471 3292 592 3347 Secundn
610 3294 740 3365 Euterpe.
769 3293 796 3346 id
815 3304 855 3347 est
873 3291 941 3347 bene
993 3299 1045 3354 tari
1062 3297 1222 3368 quadrello.
1238 3297 1349 3352 tertium
1366 3298 1470 3352 instare

470 3383 624 3441 delectans,
649 3399 719 3454 qnae
747 3381 848 3446 tibiam
876 3382 941 3452 quia
995 3385 1072 3438 adid
1094 3403 1147 3456 quo
1165 3385 1315 3441 delectatus
1332 3401 1470 3454 es.qnsr·

468 3471 583 3542 primum
599 3481 641 3524 est
670 3487 813 3542 quaerero,
841 3487 940 3524 secun·
993 3488 1052 3531 tum
1069 3485 1111 3528 eet
1128 3473 1269 3545 caperead
1292 3473 1366 3544 qnod
1385 3473 1469 3525 instas

467 3561 533 3612 dum
552 3559 687 3614 delectari·
714 3559 807 3614 Tertia
834 3560 935 3632 Melpo·
994 3564 1037 3616 vel
1054 3561 1235 3616 desideratum
1260 3571 1317 3618 est.
1343 3559 1470 3629 quintum

467 3664 558 3704 mene.
571 3647 650 3700 idest
666 3647 759 3701 suavis
772 3647 880 3705 (licens.
895 3649 938 3704 vel
991 3650 1130 3706 memorari
1153 3647 1225 3719 quod
1245 3648 1336 3720 capis.
1360 3658 1467 3703 sextum

467 3733 664 3788 meditationem
678 3718 874 3805 inclinemus
885 3744 940 3786 tra·
991 3737 1111 3792 invenire
1126 3737 1160 3791 ‹le
1178 3755 1227 3791 suo
1240 3736 1328 3792 simile
1347 3734 1373 3788 ei
1391 3733 1467 3805 quod

467 3822 630 3892 goediassnt
644 3823 681 3875 sit
689 3823 800 3894 primum
810 3822 939 3880 sellem·
993 3825 1158 3884 memineris.
1186 3826 1327 3898 septimum
1348 3824 1467 3877 inclinare

466 3913 582 3966 cundum
594 3910 744 3965 desiderare
764 3911 837 3981 quod
849 3910 940 3976 volis,
991 3913 1065 3985 quorl
1084 3913 1218 3972 invenias,
1230 3923 1353 3969 octavum
1370 3913 1465 3980 eligere

466 3999 575 4054 tertium
595 3997 720 4054 meditari
737 3999 810 4070 qnod
828 3997 939 4052 desido-

490 4149 529 4216 (ι)
545 4150 627 4200 confer
643 4151 760 4214 mython.
778 4156 800 4204 t.
816 4154 864 4205 tat.
882 4151 935 4210 nl.
997 4153 1039 4221 (s)
1055 4159 1090 4204 tta
1115 4153 1168 4201 eod.
