3630 5334
612 905 1016 994 FABULAE

582 1115 615 1182 Ι.
639 1133 784 1186 causus
807 1132 857 1184 aa
879 1131 1040 1184 rueras.

393 1295 513 1348 Avarum
532 1294 615 1346 etiam
632 1291 710 1367 quod
728 1295 782 1346 sibi
797 1303 922 1364 superest
941 1309 996 1346 non
1017 1292 1138 1346 libenter
1150 1289 1229 1346 dere·

370 1455 511 1550 Vulpem
528 1459 671 1550 rogabat
695 1461 830 1549 partem
857 1457 1114 1527 caudaesimius

326 1563 512 1658 Contegere
541 1567 678 1636 ltoneste
693 1585 808 1659 posset
822 1583 858 1636 ut
873 1567 984 1636 nudas
1002 1584 1124 1648 neten

325 1675 392 1742 Cui
418 1679 467 1744 tic
483 1677 658 1768 maligna:
686 1676 820 1768 longior
830 1677 907 1765 fiat
931 1677 1036 1762 licet,

324 1784 456 1852 Tamen
475 1785 575 1854 illam
598 1789 696 1854 eitius
717 1809 782 1878 per
807 1783 913 1852 lutum
939 1803 973 1853 et
993 1789 1110 1876 spinas
1131 1786 1291 1872 traham,

327 1893 438 1984 Quam
459 1897 522 1964 tibi
544 1899 728 1988 impartiar
747 1919 894 1987 paruam
916 1900 1066 1986 quamuis
1082 1913 1227 1988 partem.
1251 1893 1301 1988 (ι)

629 2083 684 2152 II.
732 2101 1001 2156 Aocroa.

561 2255 624 2308 Non
638 2269 697 2306 esse
711 2254 777 2323 plue
791 2271 882 2340 aequo
895 2253 1055 2325 petendum.

367 2378 525 2450 Arbitrio
548 2381 579 2444 si
595 2395 722 2446 natura
740 2381 904 2464 finxisset
930 2405 1002 2448 meo

329 2489 445 2560 Genus
466 2489 627 2573 mortale,
651 2489 753 2582 longe
769 2493 869 2578 fimet
897 2492 1115 2558 instructius=

323 2601 415 2668 Nam
436 2615 554 2666 cuncta
577 2600 673 2667 nobis
699 2599 907 2666 attribuisset
928 2597 1102 2667 commodo

327 2711 557 2802 Quaecumque
565 2713 713 2798 fortmut
728 2709 907 2800 indulgens
919 2707 1066 2777 animali
1078 2707 1188 2774 dedit:

212 2873 216 2884 .
323 2817 509 2909 Elephanti
531 2822 645 2903 uires,
669 2834 703 2884 et
724 2818 833 2885 leonis
859 2821 1038 2910 impetum,

328 2927 482 2997 Cornicis
506 2931 551 3012 (a)
575 2955 692 2998 mum
708 2978 718 3014 ‚
737 2928 888 3020 gloriam
906 2931 998 2996 tauri
1025 2931 1152 3014 truces,

326 3038 417 3128 Equi
439 3037 559 3106 uelocis
576 3039 750 3126 placidam
769 3037 1080 3120 mansuetudinem,

325 3145 373 3211 Et
397 3146 532 3213 adesset
556 3146 687 3214 nomini
706 3171 767 3214 sua
790 3164 906 3214 tantan
923 3145 1075 3211 solertia·

323 3251 494 3319 Nimirum
517 3251 662 3318 incaelo
682 3276 791 3318 secum
815 3250 904 3317 ridet
930 3249 1080 3339 Iupiter,

324 3355 421 3422 Haeo
435 3360 493 3446 qai
515 3360 651 3447 negavit
677 3357 802 3446 magno
834 3353 974 3421 consilio
1001 3351 1212 3436 hominibus,

323 3467 378 3534 Ne
396 3483 560 3556 sceptrum
575 3466 693 3533 mundi
711 3482 846 3558 r·aperet
870 3481 988 3532 nostra
1007 3465 1165 3532 audacia.

325 3577 420 3668 Ergo
442 3580 591 3645 contenti
610 3602 746 3646 munere
773 3581 889 3644 invicti
915 3575 1031 3658 lovis,

342 3792 379 3856 (ι)
395 3797 434 3843 Ita
450 3793 560 3838 emendat
576 3793 609 3836 cl.
626 3791 679 3836 lan·
695 3791 732 3836 At
748 3801 850 3854 uterque
867 3791 943 3838 coeles
960 3805 1042 3852 eorpus
1058 3791 1080 3834 in
1097 3803 1192 3835 aevum.

391 3973 434 4044 (ι)
468 3974 549 4025 Hunc
574 3989 680 4022 versam
711 3975 751 4023 sie
779 3969 944 4040 mfhmebat
970 3973 1006 4026 el·
1031 3968 1203 4026 leunelliute
1231 3983 1310 4038 quam

318 4081 426 4137 parvam
443 4065 564 4134 quemvis
583 4075 686 4138 partem
706 4064 844 4136 impertiar
856 4060 918 4118 tihi.
