3638 5332
1248 653 1311 726 363

303 827 361 896 Vis
387 829 509 895 invicta
535 826 600 892 viri
621 841 774 915 reparata
798 820 899 890 caede
924 822 972 912 (ι)
996 822 1167 890 Britannos

246 937 248 942 ’
296 937 386 1006 Vicit
400 955 444 1025 ,et
467 934 604 1006 hostiles
625 934 734 1004 Rheni
757 934 949 1023 conpescuit
967 932 1079 1000 undas.

630 1041 844 1116 xvl.1utius
867 1045 1000 1112 Caesar.

297 1153 419 1222 Caesar
444 1154 486 1220 ad
508 1155 687 1244 imperium
708 1153 798 1222 cirili
818 1156 974 1245 sanguine
996 1169 1129 1241 partum

297 1265 444 1350 Venisti,
466 1262 673 1356 famulasque
692 1289 808 1334 manus
828 1261 962 1332 fortuna
989 1261 1140 1333 tetendit.

296 1373 369 1462 Ipsa
389 1375 451 1440 tihi
476 1373 570 1440 cessit
590 1373 710 1460 tellus,
733 1390 766 1443 et
793 1374 936 1442 lussihus
958 1397 1084 1466 aequor

294 1481 410 1548 Paruit
434 1505 529 1550 omne
554 1483 631 1551 tuis.
656 1485 784 1554 Verum
804 1481 964 1552 invidiosa
990 1499 1130 1573 potestas

294 1592 338 1658 Et
358 1609 524 1682 suspectus
547 1593 652 1662 honos
676 1594 827 1661 adimunt
850 1593 1003 1662 civilibus
1028 1595 1128 1661 armis

292 1701 476 1793 Imperium
503 1706 672 1800 vitamque
694 1707 759 1772 tibi
785 1705 964 1774 formidine
994 1707 1099 1798 regni.

618 1817 726 1888 xvss·
742 1814 847 1885 lulius
870 1815 1001 1882 Caesar·

293 1922 474 1994 Germanos
498 1924 612 1993 domui
642 1929 764 1997 Caesar
791 1925 968 2017 Gallosque
984 1941 1135 2015 potentes
1151 1933 1177 2010 ,'

338 2037 516 2106 cesserunt
535 2041 637 2132 siguis
658 2043 770 2109 omnia
791 2064 896 2132 regua
916 2041 1008 2108 meis·

292 2146 337 2212 Et
355 2173 512 2242 generum
536 2149 628 2236 vici,
651 2168 831 2244 notosque,
853 2148 1029 2242 ferumque
1056 2149 1242 2231 Catonem,

335 2260 540 2351 imperioque
559 2258 621 2326 fuit
642 2259 773 2328 subdita
796 2265 899 2330 Roma
920 2283 1007 2330 meo.

292 2366 333 2434 in
351 2369 448 2435 tantis
468 2368 585 2459 opibus
615 2393 670 2436 me
694 2367 760 2437 sors
787 2371 923 2436 inimica
946 2370 1112 2460 peremit,

336 2473 452 2542 Omnis
478 2496 512 2546 et
530 2477 649 2544 immiti
673 2476 778 2572 gloria
796 2494 884 2546 sorte
903 2480 980 2546 ruit.

492 2587 617 2660 XVIII·
632 2588 847 2679 Epitaphium
865 2587 942 2655 Iulii
962 2588 1121 2657 Caesaris.

291 2695 344 2760 En
368 2695 482 2766 adsum
502 2701 613 2772 Cesar·
630 2701 708 2787 Quis
729 2726 784 2770 me
803 2701 1021 2791 praestantior
1042 2691 1166 2767 armis?

291 2805 369 2891 Quis
389 2807 482 2896 prior
508 2805 671 2902 eloquio?
692 2809 766 2900 quis
787 2834 840 2878 me
870 2806 1063 2878 clementior
1082 2807 1167 2875 alter

289 2912 428 3007 Egregia
451 2919 574 3008 pietate
588 2917 650 2985 fuit
668 2914 686 2990 ‚⁹
707 2921 938 3009 Quoscumque
958 2917 1102 3010 subegi,

289 3025 355 3094 Hos
374 3027 439 3094 viei
458 3031 578 3118 pietate
602 3029 705 3120 magis
728 3051 829 3120 quam
846 3027 940 3097 sortis
955 3025 1007 3120 (a)
1028 3029 1064 3094 in
1093 3030 1203 3095 armis·
1350 3109 1365 3120 α

289 3133 366 3200 Plus
385 3159 514 3204 meeum
540 3135 670 3204 fortuna
693 3135 780 3204 fuit.
799 3134 872 3227 plus
886 3135 1040 3204 omnibus
1059 3135 1118 3200 uni
1296 3123 1299 3134 ⁵

290 3239 395 3322 Quam
417 3237 501 3304 mihi
523 3237 570 3328 (3)
591 3237 637 3306 dii
664 3237 833 3307 dederant·
854 3239 958 3308 Gestis
983 3235 1140 3329 belloque
1159 3235 1302 3320 refulsi,
1322 3305 1325 3312 ,

289 3351 469 3418 Germanos
488 3348 602 3420 domui
626 3349 763 3442 populos
783 3349 963 3442 Gallosque
988 3365 1162 3442 potentes,

288 3449 402 3543 Atque
424 3455 627 3543 tripartitum
649 3455 742 3524 tenui
768 3452 831 3523 suh
854 3451 997 3522 fascibus
1015 3454 1143 3526 orbem·

286 3559 399 3628 Deleri
423 3561 516 3630 haud
541 3565 650 3652 potuit
676 3565 804 3650 virtus,
827 3561 1035 3653 noninelyta
1056 3559 1165 3647 lama,

289 3673 387 3741 Haud
404 3675 569 3764 parricida
593 3699 705 3745 meum
726 3682 833 3768 potuit
853 3677 1048 3768 restringere
1070 3693 1201 3744 nomen.

340 3885 385 3956 (t)
404 3886 598 3943 Burmelasrs.

340 3979 386 4045 (π)
406 3977 586 4052 cod-fietus.

341 4066 385 4143 (3)
405 4068 469 4124 cod.
484 4073 545 4124 tt'ba'.
