3628 5336
704 691 904 776 llli‚lOVE·

1225 703 1285 764 r·5

1245 755 1256 786 Ι

296 861 325 914 in
343 863 465 932 Aegypte
479 857 685 913 commendatam
705 859 767 910 Pro·
824 857 871 910 din
890 873 1070 914 eonserratnm
1092 879 1147 914 esse
1166 873 1267 914 renotat
1288 897 1294 916 .

293 959 348 1000 teo.
359 949 420 1016 Qua
439 945 543 1001 ratione
560 944 671 1015 quidam
694 943 767 996 inrlu·
823 947 928 1000 tandem
940 959 1046 1020 rupturn
1058 987 1065 1008 .
1075 961 1103 1004 et
1118 951 1145 1002 in
1155 949 1221 1002 bella
1234 967 1292 1004 ren·

292 1034 352 1089 eti,
371 1051 425 1084 non
443 1031 479 1086 ob
497 1033 554 1086 eiua
572 1041 677 1104 ruptura
696 1066 703 1088 .
721 1029 767 1084 aral
822 1045 878 1086 tnnr
891 1045 941 1088 est.
956 1037 1033 1090 luata
1052 1037 1170 1090 altiorern
1181 1037 1295 1106 denique

294 1121 356 1174 aliis
373 1119 532 1190 qudruodanr
544 1120 578 1174 de
596 1119 682 1172 tonaio
696 1117 766 1188 apud
819 1122 958 1176 erientiam
976 1124 1017 1176 rel
1035 1124 1184 1196 opinionem
1198 1163 1204 1182 .
1218 1127 1294 1178 atella

291 1209 400 1262 Troiam
410 1220 555 1282 pugnaturn
564 1205 766 1278 dieuutrquilrua
819 1209 935 1264 llelenae
954 1211 1083 1284 deputata
1098 1249 1106 1268 .
1120 1215 1214 1268 uotiua
1233 1225 1293 1268 tern-

293 1307 382 1348 tanen
400 1297 506 1349 Serius
517 1296 565 1365 (ι)
586 1312 638 1348 noa
654 1309 768 1346 eonne-
819 1307 1005 1370 peatatumque
1022 1300 1136 1354 creatrix
1154 1313 1195 1356 eat
1212 1323 1222 1366 ι
1240 1299 1295 1352 lra-

294 1385 338 1437 tit·
358 1385 426 1436 Cura
441 1382 512 1439 enirn
533 1382 607 1434 iuxta
626 1397 686 1435 eum
705 1379 766 1432 ller-
819 1397 889 1440 trum
907 1403 969 1440 vero
987 1387 1129 1458 propitiae.
1150 1389 1226 1443 Unde
1244 1389 1294 1444 lle·

289 1474 362 1526 colea
388 1471 464 1530 ,llio
481 1481 632 1542 expugnato
660 1468 765 1524 aerim·
818 1473 877 1528 lena
896 1493 948 1528 nun
972 1473 1112 1542 incongrue
1128 1493 1207 1532 cauae
1231 1477 1293 1532 muli

290 1581 345 1633 que
357 1561 553 1618 hamedeum.
568 1559 687 1630 eoquod
705 1575 766 1614 eum
819 1561 925 1614 ridetur
947 1559 1045 1616 iniere·
1066 1559 1131 1616 lude
1148 1575 1189 1618 eat
1210 1583 1216 1616 r
1242 1569 1295 1638 qui

290 1660 352 1720 purat
371 1649 497 1702 amimam
523 1647 617 1716 ttyton
643 1661 766 1718 peragra-
820 1667 879 1702 enm
897 1652 951 1704 ianr
961 1649 1294 1726 dempurotomrurr'ar'gne

291 1749 399 1806 tumque
417 1735 532 1805 Mysiam
552 1752 567 1786 a
591 1745 669 1806 portu
691 1749 767 1786 aree·
820 1735 993 1808 Therapnaea
1012 1739 1151 1810 ⁸frigerent
1176 1742 1291 1794 cartoro

292 1835 350 1880 ret.
371 1825 452 1876 liliam
468 1821 654 1876 Laomedontia
670 1819 766 1874 lleaio·
811 1827 937 1898 finem.

290 1929 350 1964 nour
366 1911 527 1967 Telamoni,
545 1908 608 1980 quia
629 1909 653 1962 ir
666 1907 765 1978 prinrua
854 1927 880 1984 p
901 1911 936 1966 Ut
951 1921 1040 1964 antem
1056 1911 1188 1964 arllnrern
1205 1929 1291 1966 rever.

289 2017 391 2054 rrrrrrum
403 1997 521 2052 aseendit
532 2034 539 2056 ‚
557 1997 675 2051 dedisset
685 1997 694 2067 l
705 2015 764 2050 nam
819 2009 923 2056 turunr.
942 2017 1001 2052 erare
1017 1997 1167 2070 philosophi
1181 1999 1291 2070 quidam

291 2090 325 2140 ale
340 2087 470 2142 liberata.
486 2085 713 2156 inquitlleeruna.
729 2083 766 2136 la-

290 2177 411 2229 lrralosum
430 2177 581 2240 tigmentuur
601 2183 643 2226 ert
655 2171 664 2240 )
676 2171 762 2243 prole-

287 2263 380 2332 ctique
394 2261 491 2314 deinde
505 2277 565 2318 eurr
580 2259 683 2314 Priamo
699 2259 764 2324 lega·

289 2352 311 2403 ti
329 2388 336 2408 .
353 2369 432 2419 quem
448 2361 476 2402 et
495 2349 580 2420 ipsum
600 2347 634 2400 alr
653 2347 763 2400 llereule

287 2450 418 2509 raptura.
441 2438 488 2490 aed
506 2457 521 2490 ι
542 2435 638 2490 vicinia
661 2435 763 2488 redera-

289 2539 365 2597 ptum
378 2563 386 2584 .
406 2525 498 2596 nieqne
514 2525 549 2578 rb
558 2543 590 2578 eu
601 2541 707 2590 regnum
720 2541 763 2576 re·

288 2615 413 2670 stitutum
423 2615 518 2668 relert.
532 2614 641 2668 mininie
649 2631 706 2666 earn
719 2631 761 2666 re-

288 2714 375 2773 petere
394 2714 513 2773 poturrne
531 2703 565 2754 ub
585 2703 636 2755 illis
655 2720 686 2754 ae
703 2719 760 2754 eam

286 2789 761 2854 iurebellururnlraheredirentibua·a

287 2891 431 2933 commotus
448 2881 567 2933 Priamus
581 2879 608 2932 ia
622 2879 760 2933 Graeciam

287 2987 346 3021 eum
356 2968 472 3022 exercito
484 2969 602 3022 Paridem
612 2969 699 3026 misto,
712 2969 761 3038 qui

289 3057 352 3109 iude
371 3055 472 3124 aliquid
487 3055 540 3108 tale
550 3053 693 3108 abduceret
703 3091 710 3110 .
722 3073 761 3108 re·

287 3147 326 3210 gia
336 3145 485 3198 seilicetrel
496 3162 601 3196 uxorem
613 3145 650 3196 vel
671 3144 759 3196 liliam·

288 3233 362 3286 l'aris
374 3233 455 3298 igitur
468 3215 579 3302 primurn
592 3232 709 3303 lrurpitio
721 3251 761 3286 au·

280 3331 393 3390 ,saeptus
409 3357 416 3376 .
434 3319 591 3372 adulterium
611 3320 758 3374 cuturnirit.

287 3407 389 3460 Deinde
415 3425 474 3458 eum
503 3407 599 3460 Helena
620 3407 761 3460 eollieitata

285 3513 345 3546 eum
359 3495 433 3564 requi
451 3495 591 3550 noluisset.
602 3511 718 3559 epreaaus
728 3496 761 3546 ci·

287 3581 399 3634 uitatenr
423 3581 533 3650 Spartae
557 3580 663 3632 obsedit
679 3601 688 3642 a
706 3599 760 3650 qua

284 3687 375 3722 eversa
393 3705 400 3724 ,
421 3667 542 3720 Helenam
561 3667 660 3737 rapuit·
684 3667 759 3722 Unde

284 3767 312 3808 et
325 3757 367 3809 illa
381 3755 464 3826 recipi
475 3755 570 3808 meruit
583 3755 758 3808 emerito-Sic

284 3861 345 3908 erpo
372 3842 469 3896 loedus‘
489 3842 561 3910 qnod
588 3853 664 3894 antea
692 3842 758 3894 inter

283 3933 399 3986 Graecos
410 3943 438 3984 ut
447 3933 530 3986 Truar
541 3931 714 3986 constitutum
729 3945 756 3986 et

308 4082 349 4146 (ι)
366 4081 685 4142 te·tt·1rpa·fiur·xt·atia·

798 2113 804 2128 ·
818 2087 846 2140 in
858 2091 965 2156 liguraru
977 2087 1068 2140 rurnnli
1082 2087 1217 2158 accipiunt
1228 2108 1234 2138 r
1246 2107 1292 2140 nn·

817 2175 851 2228 de
868 2185 895 2228 et
914 2175 984 2229 levia
1002 2205 1009 2232 ι
1028 2185 1058 2226 ιιι
1083 2174 1160 2230 aiunt
1179 2211 1187 2230 ,
1205 2175 1231 2226 nt
1251 2185 1292 2226 ert

817 2263 973 2316 universalia
995 2261 1036 2316 rie
1064 2259 1154 2314 diurno
1176 2273 1217 2314 ear
1238 2279 1244 2310 t
1264 2271 1291 2314 nt

817 2351 879 2405 ltine
898 2352 996 2405 mnndo
1010 2350 1195 2405 aeternitatem
1217 2351 1291 2404 attri-

816 2437 918 2490 buunt:
939 2457 990 2490 nun
1009 2439 1081 2508 quurl
1100 2455 1200 2509 nurnper
1220 2438 1289 2490 idern

816 2543 872 2578 erre
891 2523 991 2578 lrabeat
1007 2561 1014 2582 ,
1033 2525 1105 2596 qnod
1119 2535 1159 2578 est
1175 2543 1233 2578 veru
1249 2543 1287 2576 ae·

817 2615 948 2670 turnitaa.
969 2617 1015 2668 ned
1034 2617 1106 2686 quorl
1125 2633 1225 2688 semper
1243 2616 1288 2670 riu·

817 2704 934 2756 rannlnet
948 2721 1038 2756 enrrnn
1049 2721 1111 2756 anne
1131 2705 1289 2780 reintegratu-

815 2791 867 2846 dn.
882 2790 916 2841 erl
930 2791 1064 2857 quandum
1074 2809 1102 2844 re
1122 2789 1288 2844 aeternitatis

814 2876 950 2930 lornrulnrn
965 2879 1143 2944 constringere
1156 2879 1287 2932 videatur.

813 2964 989 3034 Freqrrentiur
1015 2976 1101 3018 tanren
1129 2967 1213 3019 lovem
1239 2985 1286 3036 pro

815 3052 921 3104 aetlrero
939 3051 1092 3122 accipimur·
1115 3051 1190 3104 Urnlu
1207 3053 1289 3104 etiarn

816 3141 1027 3212 triurnphantes.
1046 3139 1092 3208 qui
1107 3140 1176 3192 lunia
1190 3138 1290 3194 latitent

815 3227 929 3292 inrignin
950 3265 955 3284 .
989 3239 1121 3296 sceptrum
1148 3237 1240 3293 gerunt
1260 3238 1287 3279 et

813 3317 962 3386 palmatam.
973 3315 1047 3367 Unde
1056 3315 1187 3368 luvenalis
1197 3311 1287 3386 (ulrrn

814 3408 910 3456 tnnieo
934 3407 1000 3458 lona's
1012 3425 1020 3466 3
1031 3415 1057 3456 et
1074 3415 1176 3454 cetero:
1196 3401 1288 3454 lacienr

813 3513 918 3566 quoqne
939 3495 971 3546 ale
991 3493 1094 3546 rotntcr
1110 3493 1236 3546 illinunt.
1254 3494 1290 3545 in·

814 3595 869 3636 atar
877 3583 970 3635 coluris
980 3579 1095 3634 iretlrerei
1111 3580 1159 3633 llic
1169 3579 1288 3648 inopina

813 3673 959 3724 llamnron.
979 3670 1003 3722 id
1024 3681 1062 3722 ert
1082 3669 1217 3722 arernrrins
1233 3705 1238 3722 .
1256 3667 1288 3718 nlr

814 3759 900 3810 aren'ar
915 3757 1009 3824 libyrir
1025 3767 1135 3810 rncatur
1147 3776 1153 3806 :
1164 3774 1222 3808 narn
1236 3755 1290 3826 ἅμ·

811 3867 859 3920 poe
880 3863 970 3912 graece
999 3861 1075 3896 arena
1099 3844 1198 3896 dicitnr·
1218 3865 1222 3894 :
1243 3843 1288 3894 ulai

812 3939 892 3987 etiam
918 3935 975 3986 eius
999 3931 1165 3984 simulacrum
1190 3929 1289 3984 l'aaturn

843 4079 884 4146 (τι)
903 4091 975 4147 sarp-
986 4093 1012 4134 x·
1025 4081 1062 4130 stt.
