3606 5356
509 651 588 744 444
872 675 1111 722 euictos

530 839 584 906 ris
601 837 723 908 cortu
731 861 741 904 :
764 837 841 908 lues
856 839 949 907 enim
964 839 1086 936 lapsus
1100 835 1236 909 divitur
1253 836 1500 946 circwrfiuen·

530 957 577 1024 u's
598 955 770 1026 sumena.

480 1071 639 1160 Clarus,
663 1073 843 1146 intersim
860 1073 1159 1172 guber-uacuum.

481 1193 666 1294 Capesso,
677 1191 904 1295 frequenter
924 1198 1041 1296 capio.

481 1311 626 1386 Cariosi
652 1315 797 1406 generis
821 1309 989 1396 soboles,
1019 1317 1267 1386 veterescentis
1289 1317 1434 1410 generis
1452 1313 1499 1410 fi·

531 1435 599 1518 lii,
623 1445 659 1502 et
680 1457 704 1502 a
721 1430 918 1531 putredine
939 1429 1089 1504 redacti.

481 1551 631 1637 Garies,
650 1552 745 1623 erun
760 1555 917 1650 proprie
931 1550 1091 1651 putredo
1112 1555 1293 1648 lignorum
1311 1565 1383 1637 est,
1404 1577 1498 1654 quae

529 1669 653 1744 iisdem
674 1674 788 1744 evuu't
808 1669 1015 1744 carentibus
1038 1675 1177 1744 uirtute.

315 1801 330 1832 ⁸
364 1819 376 1848 ·
402 1807 452 1850 ¹⁵⁸⁵·
481 1791 629 1868 Cidaris
645 1849 661 1878 ,
695 1794 825 1864 b'rsteus
858 1805 911 1864 est
944 1791 1046 1894 quod
1071 1797 1206 1895 repites
1229 1795 1250 1836 ⁸
1275 1791 1498 1865 Iudaeorum

529 1912 588 1984 die
609 1911 759 1986 sabbato
779 1937 893 2013 super
913 1926 1024 2014 caput
1044 1909 1177 1986 babent
1195 1911 1296 1985 valde
1315 1911 1495 1985 rmudsuu.

482 2035 613 2123 Cavit,
634 2040 825 2140 praecepit
846 2040 901 2110 rel
920 2040 1031 2110 ussit.

480 2155 646 2243 Cosmus,
665 2171 794 2232 acuties
813 2156 966 2230 callidus
985 2161 1126 2257 sapiens
1143 2156 1315 2258 prudens.

481 2274 577 2348 Cum
597 2279 710 2350 uisum
730 2287 807 2360 est,
825 2299 898 2376 pro
919 2300 1003 2348 cum
1024 2279 1135 2348 visum
1156 2289 1253 2348 esset.

481 2393 772 2496 Correpseruut,
789 2407 960 2495 correpte
978 2399 1131 2491 ingressi
1146 2409 1249 2480 sunt,
1269 2390 1317 2465 ab
1334 2417 1377 2465 eo
1398 2389 1497 2494 quod

531 2513 683 2589 dicimus
702 2538 803 2614 repo.

481 2633 675 2719 Cieretur,
696 2647 889 2706 vocaretur
910 2638 964 2706 vel
985 2647 1208 2706 evocaretur.

480 2751 764 2839 Celebraretur,
771 2751 882 2856 fama
903 2767 993 2827 esset
1012 2749 1189 2840 celebris,
1195 2753 1306 2855 fonsa
1327 2765 1441 2826 notus.

479 2871 674 2974 Chiamss,
695 2878 797 2948 restis
814 2887 1034 2976 purpurata.

478 2993 719 3078 Consiturus,
739 2997 949 3068 inserturus.

322 3103 435 3214 ’[,ξῇἦὼ
479 3111 646 3214 Cymbe,
672 3111 781 3186 Isidis
805 3113 824 3158 ⁰
848 3117 957 3187 navis.

480 3233 679 3308 Classicum
699 3239 823 3320 carsit,
843 3239 1003 3308 celeuma
1023 3237 1123 3308 navis
1145 3233 1241 3308 dicit.

479 3355 628 3429 Cetarii.
658 3352 747 3427 Oete
768 3352 904 3428 dicitur
929 3378 1046 3451 genus
1063 3357 1246 3427 proximae
1272 3350 1408 3425 beluae.
1430 3345 1492 3422 Ab

527 3473 598 3550 boc
627 3498 712 3548 vero
734 3497 871 3570 genere
896 3473 1041 3547 abusive
1062 3479 1263 3574 piscatores
1288 3476 1419 3547 cetarii
1442 3471 1493 3542 di-

528 3609 671 3670 cuutur.
698 3595 748 3668 Et
774 3599 840 3696 qui
864 3607 1021 3668 tractant
1048 3619 1093 3666 eu
1124 3612 1219 3696 quae
1250 3619 1302 3666 es:
1330 3589 1492 3692 piscibus

514 3713 635 3812 fimet,
655 3715 929 3814 liquenunarii,
949 3717 1015 3814 qui
1030 3737 1082 3784 ex
1102 3709 1319 3813 corporibus
1336 3713 1492 3812 piscium

530 3829 718 3904 buosorem
737 3833 884 3931 liquant.

293 4030 333 4074 η
478 3949 691 4038 Chorauia,
713 3965 887 4026 caruotor.

309 4031 447 4198 finibb?
475 4072 651 4156 (liturae,
671 4067 798 4144 ceobes
817 4071 837 4120 ⁰
859 4075 992 4147 cineris
1013 4073 1171 4148 colorem
1192 4067 1371 4142 bohemos.

319 4171 352 4198 Τ
383 4173 402 4200 Ιι
