3638 5332
557 662 766 712 cassroooan
788 661 1077 710 suarrnnrrrnn.
1243 641 1301 708 351

290 809 522 927 splendoris
551 809 734 892 claritate
764 805 960 919 pellecti,
989 805 1232 919 perditionis
1253 839 1349 892 suae

292 934 456 1010 causam
485 922 787 1008 studiosissime
808 919 1119 1034 perquirentes,
1147 922 1191 1005 in
1212 919 1350 1034 lapsus

290 1039 504 1126 stellarum
535 1034 708 1120 caecatis
743 1031 954 1116 mentibus
986 1055 1248 1120 corruerunt:
1293 1036 1352 1120 ita

290 1173 340 1236 ut
367 1182 442 1265 per
470 1147 787 1264 supputationes
819 1147 983 1247 noxias,
1020 1175 1126 1260 quae
1157 1147 1352 1232 mathesis

289 1265 470 1365 dicitur,
490 1282 662 1348 eventus
685 1289 824 1344 rerum
845 1289 888 1344 se
904 1260 1107 1372 praescire
1125 1292 1244 1374 posse
1262 1292 1357 1346 con-

291 1375 494 1462 fiderent:
517 1405 647 1492 quos,
677 1395 725 1458 ut
744 1372 797 1457 de
827 1373 978 1458 nostris
1001 1393 1186 1477 taceam,
1214 1373 1357 1481 Plato,

290 1490 554 1590 Aristoteles,
585 1510 711 1604 atque
742 1485 812 1568 alii
841 1485 919 1568 viri
947 1486 1138 1573 meliores
1169 1489 1356 1604 ingenio,

291 1635 432 1688 rerum
461 1604 643 1715 ipsarum
686 1600 857 1684 veritate
898 1602 1123 1705 commoti,
1161 1603 1356 1686 concordi

290 1716 493 1802 sententia
517 1713 876 1828 dampnaverunt,
915 1711 1099 1798 dicentes
1140 1713 1357 1800 confusio-

292 1861 388 1915 nem
420 1857 557 1912 rerum
587 1829 729 1940 potius
759 1826 812 1910 de
842 1826 915 1908 tali
944 1832 1208 1939 persuasione
1239 1861 1358 1945 gene·

290 1945 384 2027 rari.
415 1941 526 2026 Nam
556 1942 590 2024 si
619 1971 750 2055 genus
778 1938 1010 2022 humanum
1040 1939 1093 2022 ad
1116 1943 1248 2028 varios
1280 1973 1356 2026 ac-

291 2081 383 2159 tus,
404 2053 598 2141 nascendi
618 2054 862 2139 necessitate
883 2073 1168 2165 premeretur,
1191 2085 1263 2138 cur
1283 2081 1355 2142 aut

289 2170 393 2253 honi
423 2200 558 2254 mores
580 2186 839 2250 mererentur
859 2164 1057 2269 laudem,
1087 2190 1159 2253 aut
1178 2169 1279 2250 mali
1300 2173 1357 2258 le-

290 2314 392 2400 gum
422 2285 677 2367 incurrerent
705 2279 938 2364 ultionem?
967 2277 1026 2362 Et
1056 2281 1245 2396 quamvis
1275 2283 1355 2400 ipsi

291 2428 372 2480 non
402 2395 558 2482 suerint
588 2393 752 2478 caelesti
782 2393 1007 2506 sapientiae
1048 2393 1203 2497 dediti,
1240 2400 1356 2482 veri-

292 2510 387 2596 tatis
417 2534 558 2596 tamon
589 2507 825 2593 testimonio
857 2535 1011 2592 errores
1035 2537 1178 2591 eorum
1201 2513 1354 2596 merito

290 2623 570 2737 perculerunt.
589 2625 655 2708 De
671 2619 825 2736 quibus
840 2619 943 2704 dicit
960 2620 1191 2734 apostolus:
1216 2641 1243 2679 “
1264 2623 1355 2712 dies

291 2795 320 2842 ‚,
348 2737 575 2823 observatis
606 2755 647 2818 et
678 2765 861 2836 menses3
892 2735 1019 2818 timeo
1047 2767 1100 2818 ne
1130 2737 1218 2820 sine
1250 2767 1355 2823 cau-

292 2907 321 2955 „
349 2882 392 2936 sa
409 2851 682 2934 laboraverim
699 2848 743 2929 in
759 2849 874 2934 vobis
895 2907 936 2950 „·
955 2847 1080 2936 Unde
1102 2849 1145 2932 in
1163 2849 1354 2938 deutero-

291 2966 432 3048 nomio
463 2964 669 3048 Dominus
697 2960 861 3072 plenius
893 2963 1037 3047 iubet:
1068 2973 1096 3018 ‘⁶
1127 2993 1213 3046 non
1243 2966 1355 3054 inve-

292 3137 320 3181 „
349 3078 489 3160 niatur
518 3078 561 3158 in
594 3098 634 3160 te
670 3074 744 3190 qui
784 3074 933 3160 lustret
962 3070 1097 3158 filium
1127 3077 1193 3162 vel
1222 3073 1353 3166 filiam

290 3249 319 3294 „
347 3221 465 3274 suam
495 3219 569 3303 per
598 3190 762 3302 ignem,
791 3185 981 3272 divinans
1023 3187 1355 3299 divinationem,

290 3363 319 3408 „
348 3325 391 3386 et
420 3305 634 3416 auspicans
664 3321 706 3384 et
737 3331 938 3415 augurans
969 3297 1202 3398 veneficiis,
1233 3328 1275 3389 et
1295 3309 1356 3392 in-

291 3475 320 3520 „
348 3439 516 3502 cantans
563 3416 912 3516 incantationem,
957 3416 1274 3532 ventriloquus,
1313 3444 1354 3507 et

292 3589 321 3634 „
349 3528 631 3646 prodigiorum
655 3529 889 3640 inspector,
911 3550 953 3613 et
975 3530 1228 3645 interrogans
1248 3564 1356 3618 mor-

291 3702 319 3746 „
348 3665 454 3728 tuos.
485 3645 564 3729 Est
584 3663 723 3725 autem
747 3641 1029 3727 abhominatio
1066 3642 1237 3731 domino
1262 3649 1352 3735 Deo

290 3812 318 3858 ,‚
347 3779 422 3840 tuo
451 3759 585 3841 omnis
614 3755 766 3838 faciens
796 3755 928 3862 lroc„.

345 3872 384 3972 d.
418 3871 500 3954 Sed
531 3903 604 3954 nos
636 3870 712 3985 qui
741 3873 892 3956 mentis
929 3872 1157 3956 intentione
1189 3878 1351 3960 veraci-

291 4003 353 4066 ter
382 3984 520 4067 subire
561 3984 841 4068 desideramus
884 3984 936 4069 ad
980 3986 1171 4094 caelum,
1209 3991 1348 4074 omnia
