3606 5356
511 645 589 744 438
873 667 1113 718 nuncios

490 831 597 919 Boe,
621 831 724 935 quod
740 829 840 908 valde
855 844 1099 933 persequatur
1117 827 1243 914 boreo,
1269 827 1364 900 unde
1383 843 1418 900 et
1441 826 1511 902 boc

544 967 703 1030 vocatur.

493 1069 686 1146 Balineum
712 1075 749 1142 in
771 1093 885 1172 prosa
903 1073 1096 1170 portimus,
1122 1066 1290 1174 balneum
1313 1074 1351 1142 in
1376 1083 1510 1144 metro:

544 1205 662 1264 tnnien
687 1203 881 1290 utrumque
894 1187 1005 1287 facit.

493 1307 577 1380 Beli
609 1311 712 1382 multi
723 1305 914 1406 fitermtt,
942 1307 1146 1406 praecipue
1173 1328 1248 1378 rex
1276 1306 1512 1407 Assyriorum

545 1425 758 1527 Babylone;
785 1437 820 1496 et
845 1421 1074 1497 Graecorum
1098 1425 1202 1496 alter.

496 1547 692 1627 Bilumen,
714 1566 786 1644 per
813 1538 854 1611 ·b·
880 1538 1080 1614 scribimus.

496 1666 717 1746 Blaterare,
741 1675 916 1763 corrupte
944 1675 979 1732 et
999 1687 1198 1762 perperam
1221 1689 1300 1735 rem
1324 1667 1450 1765 loqui,
1475 1677 1515 1734 ut

548 1809 620 1858 non
643 1781 849 1884 megisfari
866 1807 969 1856 secus
987 1807 1096 1884 quam
1116 1781 1238 1856 ebrius
1257 1783 1423 1858 delerare
1439 1809 1514 1858 ere-

550 1906 669 1978 datur.
756 1983 760 1992 ,

498 2025 729 2127 Bipetentta,
754 2019 809 2094 bis
829 2023 1019 2123 pateretic,
1044 2017 1098 2093 bis
1123 2035 1260 2123 aperta.

499 2147 687 2232 Barrire,
712 2140 986 2248 elephantorum
1010 2155 1071 2216 est.

501 2269 703 2370 Bipennem
718 2321 735 2352 ,
768 2261 823 2336 bis
849 2275 1025 2336 multon:
1056 2287 1216 2361 pennum
1242 2265 1336 2335 enim
1368 2261 1517 2337 dicatum

552 2397 708 2460 acutum

501 2502 784 2578 Benedicentum
797 2557 812 2586 ,
837 2502 963 2572 metius
987 2523 1097 2600 quam
1124 2495 1415 2574 benedicentium.

503 2623 722 2707 Balbutire,
747 2623 840 2692 necle
863 2623 965 2721 loqui
988 2633 1023 2690 et
1044 2623 1252 2716 incongrue.

444 2791 456 2800 .
503 2744 662 2836 Biremis
682 2796 698 2826 ,
732 2737 843 2810 duum
875 2761 1058 2812 remorum
1090 2743 1188 2810 navis
1220 2763 1271 2810 ex
1303 2763 1520 2843 wmq'ieaque

553 2871 671 2959 parte.

505 2981 617 3065 Bito,
642 2982 775 3052 colore.

761 3245 930 3292 sociemur
955 3244 1015 3290 m
1043 3215 1072 3290 C
1101 3244 1270 3292 nimum.

511 3463 706 3546 Cueumis,
729 3464 875 3559 generis
892 3462 1099 3545 masculini,
1125 3457 1232 3532 lituus
1251 3469 1454 3536 cucumeris
1460 3465 1526 3564 Ja-

560 3587 683 3669 cum,
708 3595 748 3654 ut
772 3584 882 3654 vomis
908 3594 944 3652 et
967 3605 1096 3653 vomer.

510 3703 631 3778 Chaos
646 3757 662 3789 ,
693 3711 922 3802 monoptoton
946 3711 1020 3770 est:
1034 3698 1136 3799 facit
1165 3703 1259 3771 enim
1288 3697 1358 3775 hoe
1391 3697 1524 3788 chaos,

559 3825 666 3897 huus
693 3818 871 3906 chaoS,o
899 3815 1034 3906 chaos,
1058 3835 1093 3892 et
1120 3817 1167 3891 ab
1195 3817 1265 3894 hoc
1293 3819 1412 3894 chaos.
1447 3819 1527 3894 Sed

563 3944 741 4039 Virgilius
769 3964 835 4011 sua
864 3943 1078 4012 auctoritate
1103 3943 1302 4038 praesumit
1334 3939 1523 4016 ablativo:

559 4077 668 4164 etque
690 4056 782 4134 chao
811 4057 945 4134 densos.
