3606 5356
573 789 576 795 Α
667 721 928 772 caussas.
1199 700 1274 803 457

292 875 442 960 Enixa,
467 873 556 946 datas
579 899 639 948 res
665 875 863 974 siguificat,
881 888 917 946 et
935 889 1062 950 conata
1087 877 1138 950 ad
1154 877 1308 984 efficien-

343 996 429 1068 dum
455 995 597 1098 ahquid
609 1052 625 1082 ,
656 1011 691 1068 et
715 1021 810 1098 quae
831 1009 946 1096 partu
971 994 1135 1072 laborata
1160 1014 1213 1073 est
1232 1025 1307 1072 mu·

259 1163 266 1175 ·
343 1120 432 1190 lier.
467 1115 551 1192 Nic·
580 1120 674 1189 enim
703 1119 757 1188 vel
790 1119 878 1188 eniti
894 1173 910 1202 ,
945 1122 1074 1192 conari
1101 1123 1156 1192 vel
1190 1117 1307 1222 ςθῖοε-

343 1261 387 1309 re
414 1249 475 1309 est.
497 1277 498 1282 =

292 1355 567 1450 Ergasteriam,
584 1377 743 1451 graecus
760 1379 878 1428 sermo
899 1367 972 1443 est,
991 1354 1080 1428 idest
1099 1359 1310 1458 operarium

345 1471 410 1546 ubi
436 1497 528 1574 opus
545 1473 622 1571 stt,
648 1477 703 1547 vel
733 1470 885 1548 taberna
918 1472 983 1548 ubi
1007 1478 1162 1550 alicuius
1190 1479 1312 1577 operis

230 1623 232 1628 ·
345 1596 524 1668 exercitia
542 1605 733 1691 geruntur.

293 1711 548 1799 Examussim,
572 1715 712 1809 integre
730 1715 807 1786 sine
819 1712 987 1815 froude:
1014 1719 1122 1788 musis
1141 1717 1235 1788 enim
1260 1711 1310 1785 di·

346 1833 444 1905 citur
464 1834 596 1928 regula
617 1845 653 1904 et
679 1855 847 1906 mesura
860 1829 1023 1932 fabrilis.

293 1953 361 2024 Ex
385 1977 455 2040 re,
480 1976 533 2026 ex
558 1977 668 2038 casu,
693 1976 746 2026 ex
770 1953 912 2024 ratione
937 1975 1031 2052 quae
1056 1953 1187 2046 agitur.

293 2073 467 2157 Exerue,
488 2075 664 2172 prolate:
690 2095 892 2146 excercere
920 2075 1015 2144 enim
1034 2069 1210 2172 preferre
1237 2083 1313 2156 est,

348 2196 402 2265 cel
423 2190 611 2293 expedire.

297 2313 493 2409 Ergastula
530 2309 701 2383 dictatum
737 2335 761 2382 a
789 2333 966 2408 graeco,
999 2309 1063 2383 uhi
1097 2309 1314 2383 mmtsanmr

345 2434 453 2503 noxii
482 2430 533 2503 ad
558 2429 710 2532 ahauod
739 2453 831 2533 opus
850 2429 1069 2532 faciendum
1082 2486 1099 2516 ‚
1125 2442 1165 2501 ut
1199 2429 1311 2502 solent

345 2549 594 2646 gladiatores:
628 2562 665 2622 et
696 2553 761 2651 qui
774 2605 791 2634 ,
819 2563 911 2650 puta
941 2553 1099 2634 exules,
1129 2571 1313 2621 marnwro

348 2685 470 2746 secam
486 2728 503 2760 ,
532 2685 714 2746 ettamen
742 2675 964 2747 circulorum
994 2671 1163 2748 custodis
1191 2673 1315 2766 alliga·

346 2795 491 2864 tisumt.

296 2907 467 3010 Epitheta
500 2923 581 2982 scau
613 2935 709 3011 quae
738 2907 942 2984 nominibus
967 2925 1216 3014 appommtur.
1248 2913 1315 2984 Est

349 3043 467 3101 autem
488 3053 684 3127 graecum:
702 3042 765 3116 ut,
779 3043 1063 3130 putasmoguus
1078 3028 1209 3119 horw,
1234 3030 1316 3106 doc·

348 3163 406 3222 tus
426 3145 688 3251 philosopluu,
713 3143 870 3250 epitheta
896 3161 986 3222 swa.

297 3271 468 3366 Elogium
480 3323 497 3353 ,
521 3271 639 3364 elogia
652 3322 669 3353 ,
687 3267 812 3342 laudes
830 3271 988 3343 electae:
1015 3283 1055 3342 ut
1074 3283 1166 3372 puta
1185 3275 1217 3342 si
1234 3275 1316 3372 quis

350 3395 388 3462 in
422 3387 499 3462 basi
529 3402 667 3462 statuae
696 3391 850 3462 alicuius
875 3389 1001 3462 laudes
1024 3387 1160 3464 scribat
1190 3404 1253 3463 cest
1276 3394 1314 3462 im

350 3511 452 3580 titudo
477 3511 665 3604 insaginis,
689 3511 805 3605 elogia
831 3506 1011 3581 dictastur.

300 3629 499 3700 Exoticum
515 3681 531 3712 ,
561 3651 688 3700 nomen
717 3637 769 3698 est
797 3649 974 3723 graecum
992 3681 1008 3712 ,
1037 3625 1127 3698 idest
1149 3631 1314 3727 peregri·

352 3771 461 3832 num,
486 3744 642 3850 deforis
662 3749 810 3820 veniem.
835 3745 1002 3820 Dicimus
1021 3748 1115 3818 enim
1130 3747 1315 3818 exoticam

353 3871 471 3939 vinum
492 3923 507 3952 ,
539 3871 721 3942 exoticam
757 3879 885 3940 vestem
906 3922 923 3953 ,
962 3868 1148 3940 exoticam
1183 3867 1314 3938 manci-

349 3985 471 4084 pium.

303 4089 472 4187 Exerat,
493 4101 672 4204 proferat.
698 4103 865 4178 Prioutm
884 4097 1030 4178 serbaetm
1049 4113 1101 4174 est
1119 4125 1235 4177 exero
1257 4124 1316 4177 cc·
