3606 5356
636 605 898 660 cuossnu·
1173 585 1249 690 487

310 765 379 843 boc
401 768 637 869 pardoipium
662 767 716 838 vel
740 787 867 837 nomen
894 787 948 838 ex
966 759 1107 840 dreobus
1125 769 1274 864 integris

313 890 547 989 compositum
578 897 631 958 est
645 942 662 972 ,
691 887 941 960 coniwrctione
973 883 1211 974 disiurtctive,
1243 902 1279 962 et

312 1011 433 1104 legens
455 1007 662 1108 participio.
691 1002 803 1104 Quod
818 1003 1003 1102 sigradus
1026 1001 1183 1092 babeat,
1209 1011 1281 1079 erit

313 1149 467 1210 nomen,
492 1136 533 1196 ut
558 1127 777 1221 neglegens,
801 1125 1069 1220 neglegentior,
1093 1128 1281 1223 neglegen-

314 1249 483 1317 tissimus:
500 1247 736 1346 participium
751 1245 962 1340 neglegens,
976 1247 1180 1342 neglectus,
1197 1271 1281 1345 neg·

316 1363 495 1462 legendus.

264 1482 400 1558 Nudus
428 1487 524 1556 illius
553 1486 611 1556 rei
636 1494 671 1554 et
699 1483 761 1553 illc
791 1507 864 1567 re,
889 1480 979 1556 bene
1011 1482 1162 1559 dicinuss
1177 1541 1193 1574 ,
1216 1485 1283 1562 sed

302 1602 542 1704 frequentiae
562 1604 717 1698 genitivo
740 1605 886 1675 udmeer.

264 1719 454 1823 Nuptiae,
478 1745 699 1822 quamquem
727 1745 750 1791 α
776 1717 945 1793 nubendo
970 1718 1169 1808 dicantur,
1193 1728 1281 1798 sori·

316 1841 452 1915 buntur
467 1867 539 1943 per
558 1867 623 1943 ·p·,
648 1843 737 1942 quic
757 1867 802 1941 p·
821 1843 941 1914 littera
961 1845 1083 1916 mitior
1101 1855 1154 1916 est
1171 1869 1282 1945 quom

314 1960 357 2034 b·
387 1959 450 2034 Ab
476 1958 666 2033 obnuendo
695 1962 840 2060 puellae
864 1961 1135 2061 (sponsique)
1158 1967 1280 2064 capita

313 2082 486 2156 dicicitur·
509 2076 700 2154 connubes.

261 2201 411 2279 Nudius
435 2203 563 2273 tertius
581 2223 665 2273 cum
692 2201 723 2270 i·
748 2198 924 2286 dicimus,
948 2212 984 2271 et
1002 2211 1054 2272 est
1071 2197 1281 2276 adverbium

314 2319 494 2420 temporis.

262 2427 508 2539 Nemsquom,
534 2449 569 2510 et
586 2459 659 2510 non
677 2437 879 2536 sigmficat,
904 2451 939 2510 el
957 2463 1030 2513 non
1054 2441 1130 2527 ilo,
1152 2452 1190 2513 et
1207 2463 1280 2514 non

314 2557 414 2631 odeo.

262 2673 410 2752 Nouus
439 2675 599 2762 dicitur,
624 2680 689 2778 qui
712 2675 758 2748 de
781 2689 891 2777 putre
919 2675 1032 2750 nobili
1055 2679 1220 2775 gignitur
1245 2692 1282 2752 et

314 2809 429 2869 nmtm
447 2793 620 2892 ignobili:
646 2798 709 2868 cui
727 2799 934 2868 contrarius
952 2809 1004 2868 est
1021 2801 1195 2897 spurius,
1213 2802 1280 2900 qui

313 2918 359 2989 de
383 2931 499 2990 matre
524 2913 636 2987 nobili
659 2929 694 2988 et
714 2929 823 3017 patre
849 2913 999 3014 ignobili
1018 2933 1228 3014 generatur.

263 3036 394 3112 Nihilo
416 3043 548 3124 seties,
572 3033 685 3109 nilulo
715 3040 854 3122 ninus,
880 3039 935 3109 vel
957 3061 1030 3110 non
1054 3041 1171 3112 aliter.

263 3159 395 3234 Nouo
423 3172 549 3260 portes
579 3154 682 3244 boe,
721 3159 975 3257 crepusculum
996 3211 1012 3244 ,
1052 3181 1239 3259 vesperum
1264 3214 1281 3245 ,

313 3277 528 3354 concubium
545 3333 560 3362 ,
590 3279 821 3350 conticinium
835 3332 850 3361 ,
880 3280 1088 3378 intempesta
1104 3331 1121 3363 ,
1143 3281 1281 3374 gallici-

315 3405 440 3484 nium,
465 3397 688 3482 dilucuium,
714 3411 749 3468 et
777 3399 1032 3497 crepusculum
1059 3401 1279 3472 maledicum.

314 3517 581 3612 Imellegwttur
596 3528 716 3588 aretem
732 3511 802 3588 boc
815 3513 930 3587 modo
952 3513 1219 3615 Crepusculum
1231 3512 1283 3587 di-

314 3643 438 3725 oitur,
468 3637 556 3712 idest
583 3643 803 3737 creperum,
828 3631 930 3734 quod
955 3629 1104 3706 dubium
1131 3631 1283 3708 dicimus

315 3761 410 3829 imer
428 3759 547 3829 lucem
564 3770 599 3828 et
618 3749 794 3827 tenebras.
824 3749 868 3824 V
861 3775 1028 3854 especiem
1046 3753 1184 3824 oriente
1201 3751 1283 3824 etei·

315 3879 372 3960 lo,
392 3881 495 3950 celius
512 3901 640 3949 nornen
659 3887 719 3946 est.
742 3871 984 3946 Comiciniwn
1000 3869 1152 3944 dotum
1170 3893 1282 3972 quon·

314 3995 361 4067 do
385 4021 505 4068 onutes
529 4000 652 4069 silent:
680 3997 920 4070 conticescere
946 3993 1068 4077 enim,
1092 3993 1201 4064 silere
1219 4003 1281 4063 est.
