3634 5336
498 612 574 714 39⁰
828 629 916 682 onas
934 627 1119 680 omnmo
1258 603 1311 662 Ψ

473 791 673 890 idemiguis
686 787 858 864 inlocum
872 817 981 865 suurn
993 789 1112 863 denuo
1127 785 1492 892 revertatur.Sunt(1)

476 929 647 992 autemst
668 914 743 988 sine
757 912 906 1013 imperio
923 929 1032 986 semet
1052 913 1147 1014 ipsos
1163 930 1348 1011 regentes:
1368 911 1406 985 in
1421 910 1500 1012 qui·

474 1039 553 1113 hus·
564 1035 659 1112 siout
672 1035 771 1112 nulia
786 1033 986 1132 malignitas
1006 1033 1209 1124 iuvenitur,
1230 1033 1280 1108 ita
1298 1061 1415 1134 neque
1434 1061 1499 1133 pu·

475 1157 564 1230 lices
590 1183 707 1258 neque
734 1152 905 1254 peduclos
938 1179 1053 1252 neque
1091 1151 1236 1226 cimices
1269 1171 1332 1228 aut
1366 1151 1499 1252 aliquid

478 1275 574 1374 quod
601 1292 655 1348 est
680 1273 829 1346 noxium
853 1271 982 1344 hahere
1009 1287 1171 1371 possunt.
1197 1267 1420 1346 Vestimenta
1446 1298 1501 1344 eo

478 1420 562 1467 rum
590 1390 768 1466 sordidare
788 1391 957 1464 nesciunt
979 1417 990 1484 3
1016 1388 1164 1488 quodsi
1191 1390 1413 1488 contigerit,
1440 1416 1502 1490 per

480 1511 600 1609 iguem
626 1509 708 1584 solis
732 1508 888 1582 loturam
914 1522 1134 1607 expectant:
1161 1508 1288 1581 ardens
1313 1509 1410 1581 enim
1435 1535 1504 1580 me·

480 1633 547 1706 lior
574 1631 625 1704 iit.

542 1756 568 1849 4
596 1749 694 1824 Sunt
708 1759 828 1824 autem
843 1765 929 1851 aput
944 1777 1003 1824 eos
1015 1750 1151 1852 lapides
1166 1751 1311 1852 pretiosi
1328 1754 1379 1852 (2)
1396 1768 1431 1824 et
1450 1777 1503 1822 va·

491 1873 559 1963 rii,
578 1873 648 1945 hoc
667 1887 721 1944 est
737 1871 935 1968 smaragdi,
959 1873 1190 1970 margaritae,
1210 1872 1413 1971 hyacinthi,
1436 1899 1509 1944 car-

485 1992 668 2068 bunculus
680 2009 734 2080 ‚et
749 1991 936 2092 sapphirus
953 1991 990 2064 in
1012 1993 1202 2066 montibus.
1219 1990 1363 2085 Quibus
1384 2017 1505 2064 omnes

485 2113 688 2190 secundum
721 2113 820 2186 hunc
853 2111 1000 2186 modum
1032 2111 1279 2186 habundant:
1313 2109 1509 2184 decurrens

481 2236 579 2310 enim
605 2233 738 2309 fluvius
757 2233 882 2307 diebus
903 2261 944 2307 ao
965 2234 1132 2307 noctibus
1156 2292 1166 2325 ,
1193 2251 1350 2308 montem
1370 2233 1506 2306 ahsciu·

481 2355 567 2447 dit,
600 2372 636 2428 et
669 2353 765 2427 iilius
798 2367 918 2427 crusta
953 2379 1127 2454 aquarum
1160 2353 1333 2454 impetum
1366 2353 1502 2428 trahit.

487 2473 634 2548 Astutia
653 2499 734 2544 vero
756 2470 871 2568 gentis
891 2471 984 2544 hane
1006 2471 1141 2545 invenit
1161 2489 1298 2561 artem,
1315 2498 1379 2572 per
1398 2495 1506 2569 quam

477 2620 577 2693 xquae
604 2590 687 2664 inde
708 2606 840 2665 exeunt
866 2589 994 2663 habere
1020 2590 1162 2691 possit:
1187 2591 1358 2663 facientes
1384 2587 1508 2676 retia,

486 2713 587 2785 etin
613 2725 762 2807 angusta
789 2709 890 2782 fluvii
919 2709 998 2783 loca
1030 2727 1200 2811 ponentes
1229 2767 1240 2800 ,
1266 2737 1308 2784 ea
1340 2735 1431 2810 quas
1462 2705 1506 2778 de

492 2827 669 2930 superiori
694 2842 793 2928 parte
820 2826 1072 2918 descendunt,
1100 2829 1174 2902 sine
1202 2828 1273 2903 ulia
1298 2826 1509 2900 difficultate

493 2947 706 3051 suscipiunt.

544 3066 566 3145 5
595 3064 639 3141 In
656 3083 753 3140 tanta
769 3089 852 3164 ergo
869 3066 1038 3142 felicitate
1061 3067 1242 3158 viventes,
1267 3092 1336 3141 neo
1355 3066 1515 3139 laborant

492 3188 610 3289 aliqua
625 3187 830 3262 infirmitate
852 3205 915 3262 aut
945 3188 1166 3286 aegritudine
1186 3203 1386 3284 samm
1402 3185 1516 3260 solum

572 3410 620 3481 (r)
639 3409 708 3464 Hinc
728 3411 823 3482 incipit
842 3429 948 3479 graecos
965 3411 1118 3482 latinusque
1132 3421 1220 3464 textus
1233 3428 1249 3463 a
1263 3409 1428 3464 Gothohedo
1442 3407 1504 3462 edi·

500 3510 561 3564 tus;
579 3514 685 3565 graecus
703 3495 828 3566 quidem,
848 3507 878 3550 ut
897 3497 1023 3555 videtur.
1039 3498 1176 3566 originalis
1192 3515 1201 3558 ῃ
1216 3497 1301 3549 iatius
1319 3505 1405 3549 autem
1422 3495 1508 3548 inter-

497 3586 616 3658 pretatio
630 3596 687 3640 tam
703 3583 817 3638 barbara
832 3621 839 3643 ‚
859 3598 913 3642 tam
930 3597 1071 3657 corrupta,
1086 3597 1195 3656 tamque
1210 3583 1243 3637 ah
1261 3585 1311 3640 hoc
1323 3595 1412 3638 nostro
1430 3593 1506 3638 textu

500 3675 605 3729 diversa
621 3711 628 3734 .
647 3684 679 3726 nt
697 3673 765 3726 nihii
784 3673 941 3728 dissimilius
955 3690 1012 3728 esse
1032 3677 1126 3746 possit.

572 3759 617 3830 (a)
636 3759 754 3830 Respicit
771 3759 914 3814 iterumad
932 3777 1006 3813 sacra
1023 3757 1399 3813 herimannitarum
1419 3775 1506 3826 genes·

500 3864 557 3917 cap.
573 3847 610 3899 11·
626 3863 666 3902 12·
677 3845 725 3898 uhi
741 3847 775 3899 de
794 3847 846 3900 ittis
865 3860 983 3918 quatuor
999 3845 1154 3900 flaminibus
1173 3857 1200 3899 et
1216 3847 1250 3898 de
1269 3847 1342 3899 Eden
1355 3855 1507 3900 serenetur.

501 3931 617 3986 dicitur:
631 3945 659 3984 et
677 3950 778 3984 aarum
798 3945 890 3984 terme
902 3936 983 3986 itlius
1001 3937 1131 4004 optimum
1150 3947 1191 3986 est
1200 3935 1256 3999 3r‘iri
1275 3935 1422 3984 iuvenitur
1433 3933 1508 3984 ledel-

502 4021 570 4072 o'um
591 4030 618 4072 et
637 4020 710 4090 lapis
727 4017 888 4084 onychinus.
