3638 5332
495 655 1089 719 saracenorum,
1211 633 1276 703 355

254 800 369 884 niam
398 799 503 886 dum
532 803 631 888 talia
661 831 900 888 reveremur
924 823 966 886 et
993 795 1076 884 fixa
1100 817 1240 884 mente
1261 827 1322 882 re-

255 912 493 1019 volvimus,
519 937 753 1030 praestante
783 914 976 1018 Christo,
1005 943 1028 994 a
1057 912 1179 997 uobis
1220 911 1320 996 dia-

254 1023 402 1112 bolum
434 1059 533 1114 cum
562 1031 648 1116 suis
674 1028 871 1143 operibus
894 1029 1135 1144 effugamus.
1156 1025 1318 1110 Tamen

253 1138 332 1222 ista
361 1145 420 1227 sic
449 1143 691 1228 admiranda
720 1163 844 1246 sunt,
872 1164 923 1225 ut
943 1162 1178 1225 constanter
1198 1128 1319 1222 indu·

252 1249 413 1370 hieque
444 1255 686 1340 credantur:
718 1257 777 1342 sie
806 1285 932 1368 supra
954 1285 1028 1340 nos
1058 1249 1319 1357 confitenda,

252 1385 302 1448 ut
331 1370 504 1452 omnino
537 1367 697 1456 confixa
720 1369 784 1488 (1)
818 1370 968 1454 nostris
995 1367 1207 1452 mentibus
1227 1395 1316 1480 per·

252 1504 455 1567 severent-
485 1483 605 1568 Licet
634 1486 760 1570 etiam
791 1483 945 1568 talibus
967 1478 1318 1567 considerationi-

252 1591 334 1678 bus
363 1623 506 1680 sensus
535 1621 696 1683 nostros
727 1595 902 1708 cedere,
930 1593 1060 1680 fidem
1089 1625 1188 1678 vero
1224 1621 1318 1680 uos·

252 1725 361 1790 tram
391 1709 605 1795 nonlicet
642 1712 913 1796 haesitatione
951 1711 1089 1826 aliqua
1121 1705 1315 1792 titubare.

252 1819 337 1902 Sed
367 1839 506 1908 tamen
530 1827 632 1941 qnia
651 1825 719 1909 hic
740 1825 940 1940 consequi
961 1853 1045 1906 non
1068 1851 1318 1936 possumuS‚

253 1959 351 2016 cum
380 1965 479 2020 eum
508 1939 637 2052 ipsius
680 1937 941 2054 indulgentia
979 1934 1234 2036 viderimus,
1272 1935 1317 2019 in

252 2069 460 2240 guantum
490 2050 734 2156 donaverit,
763 2083 839 2164 pro
861 2049 1034 2134 modulo
1064 2067 1205 2132 nostro
1227 2047 1316 2130 sine

285 2159 517 2248 ubitatione
536 2193 846 2280 cognoscemus.
870 2163 990 2249 Sicut
1018 2160 1122 2247 dicit
1143 2180 1318 2273 aposto—

253 2271 341 2356 lus:
371 2305 484 2360 nunc
514 2277 706 2365 videmus
736 2283 779 2363 in
808 2279 1066 2396 aenigmate,
1095 2297 1196 2359 tuuc
1234 2303 1317 2356 au-

256 2405 343 2469 tem
372 2385 477 2475 facie
506 2389 751 2478 adfaciem.

306 2529 347 2610 9„
377 2503 463 2588 Sed
491 2502 597 2621 qnid
627 2527 690 2592 est
723 2508 829 2610 hoc,
866 2504 983 2625 quod
1020 2503 1154 2589 beatis
1191 2497 1315 2584 facies

252 2611 334 2696 Dei
363 2621 648 2729 promittitur,
677 2651 773 2704 cum
803 2621 875 2707 ille
897 2617 1184 2703 membrorum
1213 2614 1316 2696 nul-

252 2724 292 2807 la
320 2727 588 2816 distinctione
618 2733 854 2821 formetur?
882 2737 980 2820 Sine
1020 2729 1154 2814 dubio
1189 2726 1314 2812 facies

251 2841 359 2945 Dei,
387 2845 551 2930 virtutis
581 2848 668 2934 eius
699 2849 907 2934 adoranda
937 2844 1122 2962 cognitio
1145 2864 1234 2945 est,
1254 2841 1317 2924 di-

251 2953 339 3038 vini
366 2955 538 3044 luminis
576 2985 717 3046 sancta
755 2963 999 3054 declaratio,
1039 2957 1316 3069 omnipoten-

253 3069 334 3151 tiae
374 3071 503 3184 ipsius
546 3078 767 3190 praecipua
806 3107 873 3160 ma
904 3072 1094 3174 nitudo,
1133 3069 1316 3156 iustitiae

254 3202 366 3266 tanta
396 3188 576 3298 puritas,
613 3209 663 3272 ut
691 3191 827 3274 omnis
862 3107 925 3271 iii
966 3185 1154 3302 aequitas
1192 3211 1316 3264 com-

250 3319 392 3490 parata
431 3299 665 3400 sordescat3
710 3303 918 3387 varietatis
959 3293 1315 3384 incommutabilis

269 3411 482 3515 ortitudo,
509 3417 732 3526 patientiae
762 3417 912 3502 librata
942 3410 1203 3514 moderatio,
1230 3409 1318 3521 pie-

253 3523 348 3607 tatis
378 3517 621 3614 indeficiens
650 3528 900 3644 plenitudo,
929 3525 1089 3611 consilii
1112 3519 1318 3634 stupenda

253 3632 496 3748 dispositio,
524 3642 656 3753 gloria
685 3643 914 3744 mirabilis,
937 3637 1161 3726 clementia
1183 3636 1320 3748 singu-

253 3745 361 3834 laris.
403 3751 445 3836 O
484 3753 658 3840 felicitas
704 3788 854 3873 magna
899 3752 1120 3852 fidelium,
1162 3746 1318 3865 quibus

249 3866 512 3976 promittitur
540 3871 662 3953 sicuti
693 3893 755 3955 est
785 3872 1017 3955 Dominum
1050 3863 1211 3950 videre!
1249 3861 1316 3944 cui

366 4025 406 4097 (1)
427 4026 492 4081 cod.
506 4033 614 4083 curtino
633 4029 698 4083 dum
707 4031 786 4102 fita.

934 4109 1032 4196 23*
