3626 5344
690 645 1024 716 SECUNDUS·
1251 671 1315 739 ¹⁰9

328 835 402 874 nour
411 818 514 891 positus
524 813 645 870 estcirca
656 813 796 882 Assyrios.
852 813 913 866 Bito
925 852 933 871 .
947 823 1058 866 nauus
1068 810 1206 868 subierunt
1218 851 1227 872 .
1245 827 1274 870 et
1286 817 1320 869 nel

325 907 430 963 ricinus
449 921 534 976 paene
557 899 707 957 sideribus.
726 901 797 954 unde
852 902 949 973 templa
968 901 1147 954 deduxerunt.
1174 904 1240 956 luno
1258 921 1322 972 pro-

325 1005 355 1048 et
376 993 476 1046 miore
504 999 577 1044 nstra
601 997 745 1045 nomene.
767 1000 796 1042 ct
851 987 918 1042 bens
933 987 1201 1056 cornmreligioucn.
1220 988 1323 1044 obtulit

326 1078 468 1147 diligmtcr
477 1095 568 1131 cornnr
586 1087 661 1130 ornes
673 1091 798 1130 ocemu-
850 1076 929 1130 matri
940 1087 971 1130 ut
980 1076 1053 1147 quod
1064 1075 1142 1130 vellet
1161 1075 1223 1128 filiis
1235 1092 1322 1146 posce·

327 1182 380 1236 qne
403 1165 546 1232 siguificat·
572 1161 679 1214 Dicitur
707 1171 797 1214 enteca
850 1175 897 1217 ret.
919 1164 968 1216 lto
995 1163 1041 1234 pia
1064 1162 1234 1233 responsione
1261 1163 1319 1220 ait.

326 1251 418 1322 aquila
441 1267 487 1302 cor
507 1247 709 1336 einscrrrlere.
730 1247 796 1318 qnia
850 1253 1019 1323 utquoddea
1032 1251 1260 1307 mammatae
1268 1252 1323 1304 sci.

244 1359 247 1364 ·
329 1342 397 1396 acris
418 1339 572 1395 sollicitudo
593 1351 650 1396 cst.
672 1357 728 1408 qna
752 1337 796 1390 ille
849 1355 903 1400 ret.
916 1343 975 1414 ipsa
991 1353 1147 1413 praestaret.
1160 1341 1255 1395 Altera
1264 1342 1320 1395 ita-

325 1432 435 1484 affectes
454 1428 571 1482 sidereos
588 1425 797 1499 deprehendent
849 1449 902 1502 quc
920 1429 965 1484 die
983 1429 1130 1482 sacerdotis
1150 1429 1257 1482 iuvenes
1276 1447 1319 1482 re-

326 1529 423 1570 motus·
433 1517 468 1569 Et
485 1515 551 1586 quia
562 1533 610 1587 per
626 1511 798 1585 prudentiam
850 1519 920 1591 perti
937 1528 1002 1571 suut
1015 1519 1126 1572 mortni.
1137 1519 1176 1570 Er
1191 1534 1244 1586 quo
1257 1536 1321 1590 pro-

326 1604 407 1664 tecit.
425 1604 492 1658 duee
511 1603 643 1657 Mercurio
654 1638 662 1661 .
672 1601 721 1672 qui
731 1619 798 1672 pm·
847 1605 940 1660 batum
955 1603 1141 1660 estnihilessc
1154 1613 1237 1658 nocte
1246 1620 1322 1676 pree·

328 1691 435 1746 dentiae
458 1701 487 1744 ct
507 1689 621 1744 rationis
648 1688 714 1741 deus
736 1697 799 1744 cst.
848 1694 979 1748 stantius·

328 1779 363 1832 ed
377 1797 470 1833 unuin
478 1777 577 1832 dicitnr
594 1775 801 1844 esscrcligetus·

326 1868 655 1941 Deprehenditpracteren
668 1865 797 1918 rutioncra
957 1865 1001 1943 67
1028 1867 1068 1920 De
1095 1865 1219 1920 Chelone·

328 1958 468 2012 fulminum
485 1968 513 2010 et
524 1955 676 2010 hominibus
694 1953 798 2006 indica-

327 2049 376 2101 vit·
399 2044 442 2098 Ad
464 2043 530 2096 haec
553 2041 669 2112 quadem
687 2050 744 2094 arte
765 2036 799 2090 ab
886 1991 1138 2114 Virgoquecdant
1147 2042 1321 2098 Clrclouelin·

329 2154 361 2190 eo
375 2133 571 2190 demonstrata,
590 2147 720 2202 supernus
730 2128 798 2197 ignis
857 2148 927 2204 quae
951 2131 1116 2202 impatientis
1137 2129 1200 2184 luit.
1223 2131 1322 2184 Vcrntn

327 2220 484 2276 eliciebatur
495 2219 558 2288 ,qui
567 2214 724 2272 mortalibus
737 2233 798 2287 pro·
849 2237 909 2272 curn
925 2218 1043 2289 luppiter
1052 2217 1178 2271 lunonem
1192 2216 1244 2271 sibi
1255 2237 1320 2290 nup

330 2307 401 2364 luit.
423 2306 507 2360 donec
526 2322 557 2360 co
578 2303 646 2357 hene
664 2303 706 2356 nsi
724 2312 795 2354 suut·
850 2306 898 2360 tiis
907 2307 1034 2374 iungeret,
1042 2307 1177 2376 proecepit
1188 2307 1321 2360 lllcroorio

328 2395 397 2448 lton
410 2402 502 2464 postea
514 2392 582 2447 male
602 2390 797 2446 lrorninunrusn
849 2404 881 2448 ut
905 2410 995 2448 omncs
1018 2393 1080 2446 deos
1099 2403 1126 2448 et
1144 2392 1264 2446 homines
1285 2391 1321 2444 erl

328 2484 356 2536 in
373 2482 517 2554 perniciem
531 2499 621 2536 corum
643 2487 795 2534 recensent:
850 2482 958 2553 nuptias
976 2493 1140 2536 muroearet
1157 2483 1216 2551 Quo
1235 2479 1320 2539 locto.

328 2571 398 2624 sieut
430 2569 459 2622 io
478 2568 555 2622 Livio
584 2569 678 2622 lectum
698 2576 739 2620 etl
763 2565 798 2620 (le
848 2573 904 2626 solo
926 2573 1041 2626 Chelone
1054 2571 1165 2626 irrideus
1182 2582 1209 2624 ct
1231 2571 1322 2624 detra-

328 2660 538 2718 Tottonostitiu
555 2660 604 2730 qui
612 2678 644 2714 eo
652 2658 706 2728 igni
717 2676 798 2714 exus·
849 2659 915 2714 luens
926 2695 934 2718 .
947 2661 1056 2732 nuptias
1069 2658 1143 2712 odire
1154 2657 1321 2728 contempsit.

327 2746 619 2802 tuscstcnmornnibos
631 2747 695 2800 suis·
710 2745 797 2798 llume
850 2753 935 2822 Quam
959 2769 1018 2804 curn
1037 2749 1186 2804 Mercurius
1206 2767 1258 2802 non
1273 2765 1322 2803 ve-

327 2855 389 2890 rcro
398 2835 544 2907 Pompilios
553 2835 660 2906 impune
671 2841 797 2892 usus'cst‚
852 2837 923 2892 nisse
940 2837 1104 2894 notavisset.
1119 2836 1191 2888 iussn
1202 2835 1272 2889 lovis
1286 2835 1320 2888 ed

330 2935 418 2976 tamen
436 2923 464 2976 in
482 2925 566 2976 sacris
587 2923 705 2976 deornm.
729 2921 798 2974 ilinc
851 2933 935 2978 terres
943 2921 1079 2976 descendit
1090 2923 1242 2980 ‚etmoenia
1253 2921 1319 2976 Che·

329 3021 370 3064 est
392 3009 465 3080 qood
478 3010 645 3081 ignerapto.
665 3007 700 3061 ub
720 3009 798 3064 iratit
852 3012 924 3065 lones
942 3027 1024 3083 supro
1054 3009 1165 3064 tiuvinus
1191 3009 1279 3080 posite
1297 3009 1324 3062 in

329 3095 482 3152 numinibus
501 3097 585 3150 rnorbi
606 3095 733 3150 dicuntur
751 3098 798 3152 ho·
852 3117 923 3153 rnure
952 3097 1162 3172 praecipitavlt3
1185 3097 1323 3168 ipsamque

331 3184 447 3240 minibus
466 3183 585 3238 immissi·
604 3185 649 3254 (1)
853 3188 994 3243 Chelonen
1013 3187 1044 3240 in
1057 3185 1155 3238 enimel
1172 3184 1216 3238 sui
1235 3187 1323 3240 norni-

852 3277 895 3330 nis
916 3275 998 3331 vortit
1008 3311 1015 3334 .
1027 3291 1108 3344 quarn
1119 3290 1167 3328 nos
1180 3272 1263 3326 latine
1279 3283 1323 3326 tc·

368 3355 413 3413 66·
428 3357 468 3412 De
485 3355 582 3412 Cleobe
593 3367 621 3412 et
631 3357 734 3414 Bitone·
853 3362 986 3419 sturlimtn
997 3361 1123 3425 dicimus3
1134 3369 1162 3413 ct
1172 3370 1204 3413 ut
1216 3359 1250 3412 erl
1263 3377 1324 3431 poe·

853 3469 914 3506 nem
928 3449 1006 3503 dorso
1023 3457 1121 3502 tectum
1132 3456 1250 3518 portaret
1261 3484 1269 3506 ‚
1282 3447 1324 3500 lc·

366 3476 461 3589 Corn
473 3549 529 3586 rnos
547 3543 615 3586 esset
636 3532 798 3588 sacerdotem
853 3539 903 3594 eit:
925 3535 1041 3590 undeet
1066 3535 1213 3590 incurretis
1231 3535 1323 3590 aedili-

332 3619 540 3687 argivembubus
551 3621 798 3676 iunctisndiretern·
853 3625 902 3678 elis
920 3624 969 3682 ltoc
982 3639 1077 3677 nornen
1089 3621 1243 3694 impositum
1257 3632 1306 3677 cst.

331 3710 374 3780 ple
384 3707 493 3762 lunonis
502 3745 509 3766 .
519 3707 615 3778 dieque
628 3709 745 3762 sollemni
755 3707 799 3764 bo·

330 3815 397 3853 ves.
416 3796 539 3852 omnibus
556 3798 709 3868 pestilentie
733 3818 798 3853 con·
942 3798 989 3856 68.
1002 3800 1042 3854 De
1061 3799 1155 3854 Proeto
1173 3815 1240 3868 rege.

332 3883 456 3954 sumptis.
476 3901 528 3936 non
548 3896 657 3954 possent
673 3886 799 3944 inveniri.

335 3970 388 4024 (luo
410 3970 558 4024 sacerdotes
573 3971 640 4029 filii,
659 3974 763 4030 Cleobis
775 3987 802 4030 et
939 3975 1166 4038 rootor‚Aboutir
1179 3975 1259 4034 filins.
1279 3991 1326 4029 rex

359 4103 400 4175 (t)
416 4111 491 4172 ttyttr.
508 4117 528 4160 1.
545 4111 588 4159 sat.
606 4127 626 4164 t.
