3638 5332
1276 689 1336 758 361

343 859 521 932 Prostrsvit
539 859 665 954 libycus
686 858 899 930 memorando
920 876 1028 928 murts
1049 861 1210 930 cobortes·

342 973 524 1041 Fortunate
545 973 592 1038 tui
618 974 745 1040 iuvenis
769 969 947 1040 metuende
968 970 1110 1040 furoris!

341 1079 448 1150 Ausus
474 1107 508 1150 es
528 1083 636 1174 ignari
654 1084 763 1152 iecere
784 1080 827 1148 ud
841 1081 980 1150 tenteris
1000 1081 1084 1174 regis

341 1195 514 1264 Cervieem
536 1193 641 1286 libyci
657 1195 767 1262 medie
794 1195 882 1262 inter
909 1191 974 1260 tela
1004 1194 1145 1283 tyranni·

681 1303 742 1370 IX·
761 1305 808 1372 M.
823 1300 1013 1372 Marcellus·

335 1415 391 1481 Tu
418 1413 543 1502 primus
564 1411 714 1506 libycum
736 1412 842 1484 Nolae
867 1413 927 1482 sub
952 1413 1126 1480 moenibus
1145 1411 1275 1480 bostem

335 1521 466 1590 Insidiis
490 1523 634 1612 periture
659 1524 724 1590 tuis
742 1521 901 1592 Marcelle
920 1520 1047 1614 fugasti·

342 1634 493 1726 Cumque
518 1635 675 1725 syracusii
706 1634 873 1726 quondum
895 1652 1070 1726 raperetur
1093 1629 1142 1722 (s)
1165 1631 1302 1700 honoris

336 1747 461 1836 Pompa
487 1746 574 1831 tibi,
595 1745 716 1814 albano
734 1749 856 1838 gessisti
872 1748 907 1813 in
924 1765 1034 1818 moute
1056 1746 1270 1836 triumphum·

339 1853 546 1923 praedonum
568 1855 729 1946 deprensa
749 1880 850 1924 manu
867 1856 1121 1948 venerandaque
1144 1854 1257 1923 multis

337 1962 519 2052 Luctibus,
543 1965 611 2036 heu
630 1967 738 2058 petrin
764 1982 940 2032 caruerunt
961 1987 1030 2033 ossa
1049 1961 1209 2054 sepulcro.

759 2073 806 2142 X·
818 2075 942 2166 Scipio.

331 2181 393 2254 Ille
420 2207 480 2276 ego
505 2206 578 2251 sum
601 2185 743 2274 putrium
767 2209 873 2277 poeno
900 2185 959 2276 qui
985 2207 1023 2252 ex
1044 2199 1149 2252 marte
1172 2181 1344 2250 cadentem

336 2291 504 2377 Sustinui,
528 2295 691 2386 respuique
711 2293 788 2363 ieris
810 2318 848 2362 ex
867 2292 1016 2362 hostibus
1041 2292 1140 2361 urbes

335 2403 517 2492 Hispanus,
536 2404 773 2495 Hannonisque
792 2405 876 2472 ecies
890 2399 939 2493 (u)
949 2421 1170 2494 magnumque
1184 2403 1368 2496 Syphacem

337 2511 541 2596 perdomui,
565 2529 597 2579 et
623 2509 765 2580 fractum
790 2514 908 2580 totiens
929 2514 1092 2602 armisque
1115 2511 1287 2604 repulsum

335 2621 577 2694 Hannibalem,
602 2626 776 2716 victorque
794 2624 885 2692 ferox
902 2619 953 2716 (3)
976 2609 1062 2692 mibi
1084 2647 1188 2718 regnu
1210 2625 1323 2718 subegi

337 2732 487 2816 Punica,
507 2752 540 2802 et
559 2733 697 2804 excelsus
720 2734 820 2804 durae
844 2733 893 2828 (4)
918 2735 1125 2828 Carthaginis
1142 2759 1244 2806 esces·

689 2845 754 2914 xl·
769 2846 869 2916 Gaius
889 2846 1023 2916 Murius.

336 2951 381 3017 Et
400 2975 500 3044 genus
517 2971 549 3020 et
570 2975 690 3024 nomeu
715 2958 822 3026 merui
840 2958 960 3026 virtute
978 2957 1079 3026 feroci

337 3062 486 3131 Rusticus
503 3066 632 3156 arpinus
653 3065 820 3135 bellorum
838 3070 996 3140 maximus
1019 3089 1143 3138 suctor-

336 3169 447 3238 Effera
467 3194 538 3264 post
556 3176 711 3244 numidae
735 3200 835 3268 quum
850 3173 1006 3270 fregimus
1030 3203 1121 3246 arms
1144 3177 1345 3272 lngus-thus,

337 3281 506 3353 Cimbrice
528 3284 714 3378 praeclaros
734 3287 911 3378 geminavit
934 3311 1057 3380 pompa
1079 3287 1273 3378 triumphos·

337 3391 440 3483 Exegi
465 3394 561 3462 civile
583 3392 672 3464 nesus
698 3395 874 3464 servilibus
896 3399 1021 3482 ermis,

336 3499 379 3565 Et
403 3521 456 3568 me
475 3500 595 3594 sylluui
621 3500 792 3596 fregerunt
816 3527 908 3570 semu
934 3500 1062 3574 suroris·

388 3807 433 3878 (t)
451 3806 516 3862 Cod-
528 3823 700 3882 negaretur,
719 3815 791 3884 quod
809 3816 914 3872 mutavi
932 3815 1010 3872 tuetti
1028 3813 1123 3888 guttis.

388 3903 427 3976 (π)
447 3904 611 3958 liutmuunus
628 3919 714 3959 artes.

386 3993 427 4070 (3)
445 3997 514 4052 Male
532 3998 620 4050 linum.
640 4012 727 4074 atque
744 4005 826 4054 etium
834 4003 915 4074 stra.

386 4087 429 4160 (i)
446 4091 489 4144 ltu
507 4090 594 4142 Burtu-
609 4091 657 4146 As.
668 4093 725 4147 cod.
735 4096 823 4148 uitae.
