3646 5342
511 693 534 740 Χ

484 847 560 924 lam
580 849 799 922 chartaceum
818 844 914 918 huuc
935 842 1092 916 codicem
1112 871 1153 918 ax
1174 845 1366 946 antiquiore
1386 875 1499 924 erem·

481 968 569 1070 plari
587 968 692 1043 luisse
711 966 958 1066 desumptum,
984 963 1138 1063 Reginae
1158 965 1216 1040 ille
1240 985 1400 1068 pervetus
1418 973 1497 1046 satia

482 1087 717 1165 demonstrat:
744 1103 821 1161 tum
847 1111 929 1168 vero
954 1085 1085 1187 inipso
1107 1088 1289 1164 chartaceo
1309 1107 1403 1164 certa
1422 1089 1497 1165 cius

482 1211 533 1283 rei
547 1209 677 1283 indicia
694 1223 801 1298 sunt,
827 1233 935 1280 vacua
954 1206 1087 1281 scilicet
1099 1208 1137 1280 in
1151 1209 1283 1308 paginis
1295 1211 1403 1310 spatia
1421 1239 1442 1284 a
1460 1211 1499 1284 li·

480 1331 594 1404 brario
605 1328 747 1430 sparsim
757 1326 898 1417 relicta,
918 1326 1000 1428 quia
1010 1328 1199 1402 fatiscentis
1209 1346 1376 1404 vetustate
1387 1357 1500 1406 exem·

480 1448 608 1548 plaris,
634 1446 729 1522 unde
757 1445 993 1535 exscribebat,
1020 1445 1113 1520 baud
1141 1447 1256 1520 omnia
1280 1449 1383 1522 verba
1410 1450 1500 1548 lege·

482 1593 519 1639 re
550 1565 673 1666 putuit.
702 1563 910 1639 Secundum
936 1591 1018 1664 crgo
1046 1565 1335 1666 mytbographum
1365 1567 1500 1668 antiqui

350 1696 354 1712 '
480 1683 609 1759 codicis
624 1683 826 1758 auctoritate
843 1683 990 1773 sulcum,
1010 1682 1213 1758 recentioris
1223 1684 1395 1758 beneficio
1407 1711 1500 1760 com·

479 1803 634 1904 pletum,
653 1803 864 1877 exhibemus.
880 1799 992 1878 Porro
1007 1801 1091 1875 buic
1107 1802 1305 1903 mythologo
1319 1804 1499 1904 praeponi·

480 1939 539 1998 tur
560 1923 599 1997 iu
623 1923 815 2025 antiquiore
846 1921 965 1996 codice
985 1921 1162 1996 indiculus
1181 1923 1376 1998 fabularum
1397 1979 1408 2014 ‚
1434 1925 1497 2025 qui

478 2043 644 2144 quoniam
664 2071 703 2118 ea
722 2043 809 2118 serie
828 2033 1060 2134 scribebatur,
1076 2070 1183 2144 quam
1202 2060 1324 2118 teuent
1338 2043 1493 2135 fabulae,

478 2189 499 2235 a
522 2189 579 2238 me
603 2162 794 2264 prudenter
820 2178 862 2235 ut
880 2176 966 2261 puto
987 2161 1190 2236 inmutatus
1214 2179 1291 2252 est,
1318 2178 1421 2262 atqua
1450 2163 1495 2237 ad

479 2285 730 2360 elementorum
744 2281 902 2357 ordinem
920 2299 1098 2356 revocatus
1111 2339 1120 2374 ,
1146 2283 1275 2358 inserto
1292 2283 1396 2384 primi
1410 2312 1496 2384 quo-

477 2435 545 2506 quc
570 2405 759 2507 mythologi
782 2403 964 2481 indiculo:
989 2433 1058 2506 qua
1077 2431 1155 2478 mea
1175 2404 1356 2479 sedulitate
1381 2405 1497 2505 legen·

476 2525 565 2599 tium
588 2523 823 2599 commoditati
848 2522 929 2596 satis
955 2524 1155 2598 consultum
1184 2550 1273 2598 reor.

527 2643 570 2719 V.
607 2643 798 2718 Vaticanus
837 2643 959 2716 tertius
1000 2645 1269 2746 mythographus
1306 2643 1440 2718 diversa
1474 2673 1496 2718 a
1593 2711 1598 2722 .

313 2796 350 2830 au·
476 2762 647 2864 prioribus
666 2762 798 2836 ratione
819 2760 1063 2862 componitur:
1089 2763 1140 2836 illi
1159 2763 1254 2836 cuim
1272 2763 1407 2837 minute
1427 2761 1496 2836 cin-

477 2885 688 2984 gillatimque
713 2883 859 2957 deorum
887 2899 922 2956 et
945 2883 1129 2957 hominum
1153 2883 1284 2959 fabulas
1312 2885 1495 2982 scribunt3

474 3007 532 3080 bic
557 3005 824 3107 praecipuorum
842 3003 1084 3078 tantummodo
1104 3003 1250 3078 deorum
1267 3005 1308 3077 ac'
1328 3003 1494 3078 semideo-

474 3153 554 3200 rum
573 3123 742 3199 fabulosas
761 3122 916 3196 historias
937 3123 1140 3197 continuato
1165 3121 1242 3196 stilo
1268 3123 1492 3224 exsequitur3

473 3237 588 3345 neque
612 3242 773 3316 brevibus
798 3241 1088 3332 narratiunculis,
1114 3241 1175 3315 sed
1199 3241 1381 3342 peramplis
1404 3259 1493 3316 trac-

474 3365 600 3438 tatibus
626 3377 769 3437 constat„
796 3360 871 3435 lam
895 3361 959 3435 etsi
976 3361 1035 3436 hic
1061 3361 1331 3462 mytbograpbus
1350 3361 1388 3434 in
1408 3387 1491 3462 qua·

473 3503 577 3574 tuor,
604 3501 645 3559 ut
668 3483 761 3574 dixi,
787 3483 961 3556 vaticanae
985 3482 1212 3556 bibliothecae
1239 3481 1417 3556 codicibus
1435 3507 1492 3554 au·

472 3622 585 3706 pereat
613 3585 788 3706 (quorum
814 3603 885 3677 duo
915 3603 960 3678 ad
990 3603 1163 3703 Reginam
1193 3603 1386 3679 Succorum
1415 3629 1492 3702 per·

472 3727 677 3826 tinuerunt)
705 3742 855 3798 attamen
880 3725 1029 3816 auctoris
1054 3724 1196 3798 nomine
1221 3725 1351 3824 ubique
1377 3739 1490 3797 caret:

473 3845 516 3918 de
536 3873 607 3946 quo
626 3861 811 3944 antequam
830 3869 892 3941 ego
913 3842 1070 3943 disputo,
1089 3844 1202 3943 placet
1220 3843 1356 3934 dicere,
1375 3867 1489 3916 unum

473 3983 565 4040 certe
593 3994 635 4040 cx
662 3965 716 4039 bis
742 3963 833 4038 tertii
862 3963 1100 4064 mythograplri
1128 3963 1378 4063 exemplaribus
1404 3961 1488 4038 exti-

474 4086 553 4160 tisse
578 4085 660 4160 olim
682 4085 773 4160 inter
797 4084 902 4164 libros
921 4084 985 4158 riri
1009 4083 1195 4160 doctissimi
1216 4083 1324 4160 Isaaci
1347 4083 1485 4172 Vossii‚
