3638 5332
528 697 772 750 nnuonsrmrro
799 695 1052 745 rnovrncunura.
1198 675 1271 766 411

280 837 340 928 hia
369 883 458 958 quae
486 873 540 930 est
569 858 664 929 inter
685 879 780 928 mare
807 853 958 925 rubrum
984 869 1020 924 et
1049 853 1169 926 sinum
1195 852 1305 952 persi·

282 1001 366 1049 cum
385 1007 395 1052 ε
417 976 524 1050 cuius
553 974 665 1077 spatia
694 973 732 1046 in
755 969 979 1070 longitudine
1008 970 1104 1044 milia
1135 993 1306 1070 passuum

283 1085 1304 1190 ·CCCLXX·,inlatitudinemilispassuum-CLXXXV·

334 1213 356 1290 5
383 1212 506 1288 Insula
528 1209 671 1315 Cyprus
692 1210 819 1284 finitur
840 1209 883 1282 ab
905 1209 1040 1282 oriente
1062 1207 1153 1281 mari
1175 1208 1267 1307 syrio
1294 1263 1303 1300 ,

282 1331 324 1404 ah
351 1329 538 1404 occidente
567 1329 767 1431 pamphylio
800 1387 809 1420 ,
846 1357 867 1403 a
898 1325 1136 1428 septentrione
1165 1327 1307 1400 Aulone

284 1446 434 1523 Ciliciae
459 1506 469 1538 ,
496 1477 516 1522 a
535 1447 681 1522 meridie
703 1448 793 1522 mari
814 1446 1030 1550 phoenicio:
1059 1448 1168 1521 cuius
1196 1445 1307 1547 spatis

280 1567 412 1641 habent
432 1568 470 1641 in
483 1567 706 1666 longitudine
726 1567 825 1642 milia
839 1593 1010 1670 passuum
1031 1562 1248 1656 ·CLXXV·,
1269 1564 1308 1638 in

223 1709 231 1724 ¹
280 1685 472 1761 latitudine
500 1687 598 1760 milia
618 1713 790 1787 passuum
812 1683 976 1760 CXXV.

332 1805 554 1880 6Armenia
583 1807 711 1880 finitur
746 1807 790 1880 ab
821 1806 962 1879 oriente
992 1805 1084 1880 mari
1123 1804 1241 1904 caspio
1276 1819 1312 1877 et

277 1953 368 2028 quae
399 1929 494 2002 circa
525 1943 647 2026 gentes
671 1944 791 2017 sunt,
820 1927 1083 2001 ab·occidentc
1111 1925 1201 1998 mari
1225 1953 1311 2026 pon·

279 2049 378 2138 sico,
406 2076 426 2121 a
446 2048 685 2150 septentrione
709 2049 803 2148 iugis
831 2049 964 2123 montis
988 2046 1172 2136 Caucasi,
1201 2071 1311 2119 ame-

279 2165 368 2240 ridie
389 2184 509 2241 monte
540 2164 689 2242 Tauro:
715 2194 807 2268 quae
832 2184 957 2268 patet,
985 2183 1161 2268 quantum
1192 2164 1310 2263 cogni·

280 2303 359 2359 tum
379 2303 433 2360 est
452 2285 550 2360 milia
571 2312 743 2387 passuum
764 2283 1072 2361 ·CCCCLXXX·

334 2432 354 2506 7
383 2401 507 2478 Insula
532 2401 682 2478 Rhodus
714 2432 799 2479 cum
826 2401 969 2496 Samo,
998 2403 1124 2494 Chio,
1152 2421 1188 2478 et
1214 2429 1305 2504 qnae

281 2541 367 2599 sunt
393 2523 599 2626 Cyclades,
626 2525 808 2616 finiuntur
837 2527 881 2600 ah
909 2525 1043 2600 oriente
1064 2523 1245 2596 littoribus
1260 2524 1308 2596 A·

279 2643 374 2732 siae,
395 2643 438 2716 ab
460 2643 645 2718 occidente
669 2645 761 2718 mari
781 2645 913 2734 icario,
936 2671 958 2717 a
978 2643 1218 2744 septentrione
1237 2669 1309 2716 ma·

283 2763 316 2836 ri
344 2791 469 2862 aegaeo
501 2823 511 2855 ‚
539 2793 559 2838 a
589 2765 737 2840 meridie
767 2766 858 2839 mari
890 2765 1106 2866 carpathio:
1133 2792 1223 2866 quae
1251 2791 1311 2865 pa·

282 2897 360 2954 tent
378 2881 415 2954 in
429 2881 651 2981 longitudine
672 2883 770 2957 milis
794 2911 965 2985 passuum
983 2881 1041 2974 D,
1062 2884 1100 2956 in
1118 2882 1307 2960 latitudine

282 3001 380 3074 milia
407 3029 578 3102 passuum
598 3000 688 3076 ·CC·

336 3121 358 3196 8
385 3119 501 3196 Dacia
523 3139 559 3196 et
580 3121 710 3196 Getica
731 3123 911 3196 liniuntur
932 3123 975 3195 ab
996 3122 1133 3196 oriente
1159 3124 1309 3200 desertis

283 3235 509 3331 Sarmatiae,
537 3242 579 3314 ah
606 3242 794 3316 occidente
822 3241 971 3316 flumine
992 3239 1163 3332 Vistula,
1192 3271 1211 3315 a
1234 3272 1308 3344 sep-

281 3359 458 3432 tentrione
479 3387 640 3451 oceano,
669 3389 689 3433 a
717 3359 865 3434 meridie
894 3359 1044 3435 flumine
1068 3360 1187 3438 lstro:
1214 3389 1305 3462 quae

279 3479 452 3576 potentin
477 3479 700 3580 longitudine
728 3481 827 3555 milia
853 3508 1024 3582 passuum
1038 3479 1302 3573 ·CCLXXX·‚

280 3596 319 3669 in
345 3598 563 3691 latitudine,
591 3619 768 3702 quantum
792 3603 974 3701 cognitum
997 3619 1083 3692 est,
1111 3599 1208 3674 milia
1230 3627 1306 3704 pss-

280 3743 387 3792 suum
402 3717 734 3796 ·CCCLXXXlll·
1326 3807 1329 3814 Ι

332 3865 355 3939 9
385 3835 561 3914 Samnatia
576 3859 611 3914 et
627 3839 774 3942 Scythia
789 3843 927 3917 taurios
940 3844 1118 3918 liniuntur
1131 3845 1174 3918 ah
1189 3845 1302 3918 orien-

279 3974 312 4030 te
339 3959 432 4056 iugis
463 3961 592 4034 montis
621 3959 762 4052 Tauri,
791 3963 833 4036 ab
860 3962 1045 4038 occidente
1072 3963 1301 4040 flumineBo·

277 4073 468 4170 rysthene,
499 4102 518 4147 s
540 4078 777 4177 septentrione
805 4107 972 4170 oceano,
1002 4081 1186 4156 ameridie
1216 4108 1294 4182 pro·
