3626 5344
567 689 626 755 rio

593 853 649 912 185·
679 853 717 904 Dr
746 847 830 901 tribus
859 839 984 894 lrarribus
1065 847 1067 852 ’

693 935 875 994 Telcninibus.
904 930 949 1000 (r)

593 1067 760 1178 Telchines
776 1125 829 1167 tres
842 1109 934 1161 iratres
945 1103 1023 1156 luisse

558 1211 684 1264 dicontur
695 1201 796 1256 invidie
806 1195 896 1252 lividi,
906 1192 952 1262 qni
963 1207 1022 1241 cunr

559 1299 706 1350 vicinorum
732 1288 811 1354 lrgros
829 1283 949 1338 riderent
963 1295 1024 1348 pro-

559 1397 640 1439 vrnur
666 1375 786 1432 fertiles.
808 1381 903 1424 natura
922 1365 1026 1419 felices.

561 1475 609 1524 lios
640 1463 764 1538 sparsisse
796 1458 924 1512 dicuntur
952 1449 1027 1522 aquis

561 1557 655 1626 singlis
689 1563 721 1605 ut
746 1547 885 1602 redderent
910 1537 1025 1592 iniucun-

562 1646 622 1695 dos.
647 1641 705 1708 Qua
730 1635 822 1704 culpa,
840 1643 950 1702 ροοιιαω
974 1639 1030 1675 irre-

564 1742 669 1786 tnrntes
684 1726 766 1780 solnm
779 1726 931 1774 uerterunt.
949 1729 1028 1780 seque

566 1821 599 1870 ad
620 1816 746 1884 Cyclopas
767 1807 941 1862 contulerunt.

686 1951 742 2008 rid
759 1952 797 2006 De
816 1949 915 2000 Teneo.

600 2079 733 2192 Tenens
754 2127 865 2198 quidam
889 2121 1030 2176 infamatus

564 2224 637 2294 qarorl
658 2238 717 2272 eum
737 2231 847 2271 noverca
868 2208 1029 2264 concubuis-

564 2327 612 2370 set.
621 2310 731 2364 insulam
745 2321 813 2374 quae
827 2299 947 2354 Tenedos
959 2314 1029 2350 nuu-

564 2410 676 2470 orrpalar
694 2407 804 2449 saeuam
825 2381 970 2440 cultorrlrus
989 2396 1031 2438 le-

568 2498 646 2547 nuit3
668 2481 738 2536 onds
756 2477 876 2532 Tenedos
891 2473 964 2527 dicta
982 2480 1031 2522 est.

653 2621 708 2698 187·
727 2621 767 2674 De
784 2613 892 2676 Oebalo.
912 2611 952 2684 (t)

600 2745 750 2860 Ornatus
775 2799 846 2851 airus
876 2793 928 2847 nn
952 2777 1032 2844 reio-

576 2894 616 2944 nis
626 2903 653 2942 et
662 2881 973 2960 rryrnphaeSebetlrridis.
987 2879 1033 2949 qui

571 2979 654 3032 'l'elon
680 2977 726 3028 diu
749 2971 869 3042 regnavit
892 2969 962 3042 apud
981 2969 1033 3022 Ca-

572 3083 648 3138 preas
668 3064 777 3116 insulam
793 3071 883 3114 conixa
902 3055 1036 3128 Neapolim

574 3145 661 3227 silani.
679 3153 764 3206 filius
787 3168 847 3204 vero
872 3149 928 3199 eius
954 3147 1036 3217 patris

575 3252 782 3310 noncontootus
802 3235 910 3310 imperio
931 3235 1036 3288 transiit

569 3337 601 3386 nd
623 3331 810 3404 Campaniam,
828 3338 855 3380 et
879 3325 967 3406 multis
986 3345 1036 3397 pu·

569 3431 638 3499 pulis
658 3424 806 3496 subiugatis
824 3441 900 3478 suum
911 3421 1037 3476 dilatarit

557 3514 720 3585 iimperiunr.

592 3631 632 3694 (r)
649 3631 704 3678 cod·
723 3628 912 3682 Herculaneas,
930 3639 954 3674 rt
970 3645 1021 3675 mos

560 3689 707 3742 llololu'rres.

560 3751 1021 3874 sitietnitidiusair:

561 3875 613 3922 Nee
633 3889 659 3920 ur
682 3877 825 3920 carminibus
843 3881 931 3920 nostr-lt
955 3875 1021 3918 r'rrdr'-

559 3947 612 3981 στω
628 3939 701 3982 alliis
723 3959 754 3972 -
771 3936 880 3987 oebalo.
897 3951 965 3996 quem
981 3951 1021 3990 ge·

560 4012 657 4042 errasse
676 3995 749 4042 Telos
761 3997 781 4042 S
783 3997 909 4042 elretlrrr'dr
923 3997 1022 4054 nymphe

560 4077 592 4093 ··-
617 4065 721 4120 fertur.
750 4057 874 4106 Teleboum
904 4049 1014 4117 δαίμ-ηε

849 662 1213 738 MYTHOGilrlPHUS

1205 831 1263 887 188.
1283 799 1430 886 nomm.

1119 955 1249 1062 Maleus
1265 1007 1435 1060 Tusculorum
1450 1001 1493 1074 (3)
1505 1019 1549 1054 rex

1081 1098 1132 1151 luit
1142 1136 1149 1154 ,
1159 1097 1205 1166 qui
1220 1097 1318 1168 primus
1329 1093 1418 1147 tubam
1438 1089 1548 1144 invenit.

1084 1187 1108 1238 ls
1127 1203 1184 1236 cnm
1205 1183 1344 1256 piraticam
1358 1191 1503 1234 exeromot,
1522 1187 1550 1230 ut

1084 1291 1155 1324 mare
1179 1270 1379 1342 tempestatibus
1398 1277 1465 1320 esset
1481 1265 1550 1317 inle-

1084 1373 1171 1418 stum.
1189 1371 1301 1412 moralem
1315 1357 1362 1429 qui
1382 1370 1451 1408 nune
1471 1351 1505 1404 ab
1518 1369 1549 1404 eo

1087 1449 1300 1502 Malerrocurur
1321 1443 1430 1497 insedit:
1450 1439 1498 1510 qui
1522 1447 1550 1490 et

1088 1535 1233 1606 Apollinem
1254 1532 1419 1586 maleoticurn
1442 1531 1475 1582 de
1499 1547 1568 1592 suo·

1086 1623 1225 1681 vocabule.
1236 1634 1264 1676 el
1274 1633 1387 1676 montem
1401 1621 1484 1692 ipsum
1496 1621 1542 1673 rna

1086 1711 1152 1768 leaur
1171 1710 1325 1764 nominarit

1182 1849 1465 1923 rnncnnnn
1550 1889 1554 1894 -

1122 1974 1253 2091 Codrus
1270 2029 1325 2080 dux
1351 2026 1551 2080 Atheniensium

1087 2119 1154 2180 luit,
1173 2121 1220 2192 qui
1240 2113 1374 2173 orto'bello
1393 2120 1460 2170 inter
1474 2119 1550 2168 Luco·

1089 2207 1435 2284 nasetdtlrenlensesmuur
1445 2221 1551 2274 respon-

1089 2295 1169 2350 disset
1183 2295 1316 2349 oraculuur
1327 2330 1334 2349 .
1346 2293 1404 2346 illos
1416 2309 1489 2364 posse
1497 2291 1552 2349 viu·

1087 2401 1145 2438 core
1157 2421 1164 2442 .
1176 2400 1288 2454 quorum
1300 2384 1354 2436 dux
1368 2383 1495 2452 perisset.
1506 2381 1552 2432 ha*

1088 2472 1149 2528 bitu
1162 2473 1253 2526 humili
1268 2472 1399 2542 proiectus
1411 2483 1451 2524 est
1459 2471 1493 2522 ad
1502 2471 1553 2522 lro-

1089 2564 1169 2617 stium
1188 2563 1277 2616 ricino
1295 2561 1427 2617 tentoria.
1445 2572 1473 2612 et
1500 2559 1553 2610 illio

1091 2649 1175 2716 iurgio
1192 2667 1236 2703 eus
1255 2650 1282 2702 in
1302 2666 1375 2700 suam
1391 2647 1494 2700 caerlenr
1515 2647 1554 2698 in·

1090 2737 1215 2804 stiparit.
1242 2746 1270 2789 et
1297 2755 1312 2788 ι
1336 2736 1407 2790 nullo
1435 2739 1555 2803 cogaritus

1087 2825 1150 2878 lecit
1167 2827 1251 2878 loeuur
1269 2825 1383 2880 oraculo.

1183 2981 1242 3039 ¹9⁰·
1260 2966 1299 3021 De
1318 2963 1423 3018 Croeso.
1442 2959 1489 3032 (5)

1129 3087 1266 3202 Croesus
1286 3160 1327 3196 res
1348 3143 1478 3210 lydorum
1507 3140 1559 3192 ali-

1095 3233 1203 3304 quando
1221 3251 1235 3282 a
1256 3232 1289 3299 ll,
1297 3249 1325 3282 ro
1348 3247 1407 3296 rege
1425 3230 1559 3280 l'nrsarnm

1095 3331 1203 3390 captus.
1215 3333 1276 3385 rogo
1293 3316 1432 3388 superponi
1445 3325 1486 3366 est
1506 3315 1560 3364 ius·

1094 3425 1149 3460 sus.
1169 3405 1262 3458 Subito
1283 3415 1360 3458 tanta
1380 3404 1469 3475 pluvia
1488 3402 1557 3454 sarta

1095 3509 1152 3557 est,
1173 3506 1202 3548 ut
1221 3493 1289 3570 ignis
1307 3493 1516 3559 extingueretur.
1529 3499 1557 3540 ot

1106 3637 1176 3682 quirini
1189 3635 1262 3676 reptas
1274 3628 1367 3662 tenerer
1381 3623 1412 3655 -·
1421 3622 1467 3658 iem
1475 3617 1560 3654 senior.

1105 3685 1202 3730 Puer-ils
1218 3683 1261 3725 red
1277 3695 1319 3724 uon
1335 3690 1358 3722 er
1367 3681 1440 3740 filius
1454 3681 1521 3718 nourr
1535 3695 1566 3706 -

1105 3753 1227 3790 sortientur
1237 3742 1287 3786 late
1303 3748 1349 3784 r'rrm
1362 3749 1410 3784 turn
1422 3741 1511 3782 alitione
1523 3747 1561 3777 ee-

1104 3808 1175 3850 mnae
1193 3833 1221 3846 -
1243 3805 1369 3850 Sarrastis
1390 3800 1510 3860 popellos,
1536 3809 1561 3842 er

1105 3884 1166 3929 φησι
1183 3877 1244 3925 rr'pnl
1260 3879 1362 3924 nequiora
1379 3863 1476 3908 Soram
1493 3871 1537 3904 rte·

1137 3928 1177 3984 (3)
1195 3936 1267 3972 lmrno
1284 3930 1427 3984 Argivorum.

1134 3989 1173 4054 (l)
1191 3993 1265 4050 Malli·
1282 3993 1302 4032 l·
1323 3985 1373 4032 illl·

1134 4050 1265 4116 (5)!15tlr·
1283 4053 1302 4092 l·
1324 4046 1372 4106 196·
