3630 5334
514 695 578 760 268
709 685 1072 759 MYTHOGRAPHUS
1097 689 1291 759 TERTIUS

485 857 556 925 quod
576 856 621 910 bic
637 857 667 910 fir
680 857 806 910 lulernurn
822 857 912 910 sinum
928 855 968 908 vel
1023 867 1108 910 tutem
1123 856 1238 910 arbitror
1257 859 1395 931 deputari·
1410 859 1511 914 Vinum

484 944 657 998 mareoticum
676 980 683 1002 .
705 945 781 997 cuius
801 925 892 1014 mimir
915 943 971 996 viui
1023 948 1095 1000 eninr
1119 959 1149 1000 us
1175 947 1251 1000 aiuut
1277 945 1383 1019 pbpsiei
1413 951 1517 1002 modice

486 1044 562 1087 tantu
575 1035 660 1089 virtus
674 1045 732 1093 est.
751 1046 782 1088 ut
799 1036 844 1088 rix
856 1031 972 1104 quilibet
1024 1045 1157 1106 sumptum
1178 1035 1252 1086 seuit
1268 1034 1414 1102 ingenium.

485 1121 594 1174 vinosus
612 1123 756 1175 sextarium
779 1121 806 1174 in
824 1137 909 1173 mense
929 1131 970 1174 to·
1059 1121 1085 1184 4.
1104 1121 1214 1174 iuvenis
1239 1120 1420 1192 depingitur.
1448 1122 1514 1192 quin

486 1217 543 1260 tunt
553 1207 638 1262 bibet·
651 1210 727 1264 Unde
739 1211 859 1262 Luesuus
872 1229 878 1259 :
889 1208 974 1260 iude·
1025 1225 1168 1276 numquam
1189 1208 1303 1262 cbristus
1324 1220 1426 1262 rnnture
1449 1218 1489 1263 est
1507 1241 1516 1256 .

485 1298 580 1348 mirum
604 1299 695 1352 Merui
719 1315 818 1370 cogens
846 1315 971 1368 spumme
1026 1297 1121 1348 Nudus
1141 1297 1245 1352 etium.
1271 1296 1328 1348 sire
1350 1295 1427 1348 iustu
1448 1293 1516 1354 Ful-

479 1385 637 1454 juternum.
647 1386 740 1456 Neque
748 1387 818 1440 enim
833 1405 901 1456 uque
915 1403 972 1456 pos·
1026 1386 1143 1453 gentium
1161 1385 1235 1454 quod
1251 1383 1348 1438 ebriosi
1369 1400 1456 1454 seper
1469 1401 1514 1434 no·

486 1487 513 1522 se
530 1471 632 1524 clemeri
651 1473 758 1526 dicitur.
772 1473 879 1540 Legitur
897 1483 924 1525 et
945 1472 972 1524 iu
1024 1485 1091 1526 ctcm
1115 1475 1243 1528 versuurlo
1266 1473 1419 1544 plerumque
1447 1469 1514 1524 nurli

443 1579 448 1590 ι
487 1553 600 1610 historie
617 1594 625 1614 .
645 1559 719 1628 quod
736 1560 806 1612 sicut
827 1559 898 1630 epurl
917 1559 971 1610 Ae·
1024 1563 1090 1614 fiunt
1111 1581 1121 1626 5
1146 1561 1188 1614 vel
1207 1559 1280 1628 quoti
1303 1559 1432 1614 vinolenti
1451 1555 1515 1610 dum

486 1646 591 1716 gyptius
600 1647 685 1700 Osiris
703 1648 814 1702 meritus
828 1649 907 1702 lsidis
917 1685 923 1706 .
934 1649 973 1700 sic
1026 1648 1133 1720 potibus
1151 1649 1309 1716 indulgent.
1326 1665 1354 1700 sc
1368 1645 1515 1700 ssnbstun·

486 1729 559 1798 spud
588 1730 666 1783 ludos
692 1731 770 1785 Liber
794 1751 854 1786 erim
877 1733 911 1787 ele
935 1735 973 1788 eis
1027 1736 1265 1800 tinnurleut5seu
1285 1735 1349 1804 quis
1366 1735 1513 1789 meutisse-

486 1817 697 1889 triumphasset.
720 1839 794 1876 usum
818 1823 949 1876 invenerit
965 1859 972 1880 .
1027 1835 1098 1877 creta
1114 1835 1202 1892 tegere
1220 1825 1321 1878 neseiat
1331 1823 1456 1878 ebriosus·
1467 1829 1514 1880 lo·

487 1909 631 1962 vinearum.
642 1911 785 1966 Ablnrone
801 1914 919 1966 nutritus
933 1912 974 1964 di·
1027 1918 1068 1970 sis
1088 1916 1183 1971 lentore
1200 1927 1276 1970 sutus
1296 1916 1405 1982 fingitur
1421 1927 1450 1968 et
1475 1917 1513 1968 in-

487 1995 574 2054 citur.
594 1999 671 2068 qussi
686 2001 800 2054 Meronc.
811 2003 885 2055 lllern
902 1973 971 2056 esiim
1028 2003 1061 2056 de
1080 2003 1251 2074 progenitus,
1265 1989 1328 2074 quis
1345 2014 1376 2056 ut
1393 2002 1471 2056 refert
1486 2003 1514 2057 in

487 2085 603 2138 nutritor
622 2086 783 2141 rinolentiee
803 2088 920 2142 dicitur·
940 2091 972 2141 ln
1029 2091 1226 2162 cosmographis
1243 2090 1407 2146 lllurtinnus.
1426 2103 1467 2145 est
1486 2091 1514 2144 iu

488 2170 601 2238 tigribus
618 2173 713 2232 sedet.
732 2193 777 2228 seu
800 2175 872 2245 quod
896 2176 974 2230 riuo-
1027 2181 1142 2252 quedam
1162 2182 1267 2248 rcgione
1284 2180 1346 2234 urbs
1361 2183 1424 2235 tttsu
1438 2181 1516 2234 Libn-

486 2259 569 2314 leutin
599 2261 729 2317 ieritstem
755 2276 860 2332 generet
892 2303 899 2324 ,
927 2284 973 2320 seu
1028 2287 1057 2321 ro
1075 2271 1146 2339 putri
1164 2286 1263 2326 sacru..
1281 2285 1408 2337 monsque
1426 2270 1515 2322 uteres

487 2351 558 2420 quod
574 2350 636 2406 rino
653 2353 775 2406 efferatus
787 2365 886 2408 mentes
905 2356 973 2409 mul·
1028 2357 1515 2428 iovisecer5uurlectipsum.inquit.

486 2449 611 2490 ceantur.
631 2438 707 2490 Unde
724 2449 751 2494 et
770 2441 873 2508 Lyncus
899 2441 974 2494 iuste
1030 2445 1118 2496 inbuls
1145 2455 1186 2498 est
1202 2464 1218 2499 e
1236 2445 1306 2500 lusis
1327 2443 1423 2500 femore
1445 2453 1513 2520 (μη-

485 2524 654 2592 Fulgentium
666 2526 765 2578 dicitur
776 2563 782 2584 .
792 2529 867 2597 qussi
881 2529 976 2582 leuits-
1028 2539 1073 2607 fou*
1082 2538 1091 2596 )
1099 2544 1271 2604 procreatum·
1281 2532 1359 2604 Apurl
1369 2533 1514 2602 Remigium
1525 2569 1528 2576 ·

486 2625 541 2666 tem
561 2627 709 2686 pruertnus.
721 2617 817 2670 lisdem
834 2620 867 2670 rlc
887 2623 973 2672 eurisis
1029 2636 1116 2678 tumen
1129 2623 1239 2690 legimus
1250 2621 1339 2674 Nisam
1349 2633 1462 2676 montem
1473 2640 1514 2676 es·

485 2711 513 2754 et
526 2702 641 2756 Brecbes
663 2721 677 2754 n
698 2702 851 2757 bnechundo
867 2705 922 2758 sirc
941 2705 976 2758 ub
1029 2709 1175 2766 suintilae.
1191 2709 1218 2766 iu
1238 2726 1291 2778 quo
1310 2705 1390 2762 hodic
1408 2728 1514 2780 quoque

485 2785 888 2859 ipsancchorlictusrquasct
905 2791 975 2862 ipses
1027 2797 1117 2852 Liberi
1138 2834 1145 2856 .
1166 2797 1254 2866 inquit
1278 2833 1285 2852 .
1310 2797 1432 2851 feruntur
1457 2816 1513 2852 esse

486 2892 700 2944 nonnumquam.
717 2877 758 2928 rel
768 2889 798 2930 ut
810 2879 847 2930 uit
858 2880 974 2932 Luctus·
1027 2883 1181 2956 ercpnueliu.
1202 2885 1270 2943 Snus
1284 2903 1299 2937 s
1323 2885 1387 2938 Nise
1401 2885 1512 2940 Nisesrrs

486 2963 542 3016 tius
560 2963 648 3030 lingua
673 2966 867 3024 Macedonum.
887 2968 975 3022 reiut
1028 2971 1068 3022 rel
1080 2970 1274 3038 llioupsitrs.id
1291 2971 1511 3028 estdeusNisre·

485 3047 549 3100 alibi
569 3050 664 3118 legitur
680 3070 695 3103 n
711 3069 802 3120 gruere
817 3089 823 3110 .
843 3054 915 3121 quoti
931 3054 973 3106 su·
1027 3059 1082 3110 dici
1101 3059 1246 3112 iuvenitur.
1266 3058 1383 3112 Frondes
1399 3061 1512 3116 liederus

484 3154 567 3192 rorem
583 3137 732 3206 significet.
750 3143 927 3209 Mimallones3
946 3157 975 3200 et
1025 3147 1082 3200 cius
1100 3145 1181 3198 succis
1203 3145 1325 3198 iuteresse
1342 3160 1510 3204 mernerunt.

484 3245 499 3279 s
521 3244 612 3296 grneco
629 3229 745 3302 parisiis.
764 3231 835 3300 quod
858 3234 918 3286 item
942 3245 972 3290 ut
1025 3233 1065 3286 rel
1089 3231 1124 3285 ob
1149 3249 1257 3283 uvsrunr
1280 3243 1307 3286 et
1328 3233 1509 3302 corymborurn

482 3315 685 3384 legimuslurere
696 3320 967 3391 interpretatumlllue·
1023 3317 1244 3375 similitudinem.
1264 3321 1303 3372 vei
1322 3321 1394 3389 quod
1411 3339 1512 3393 semper

482 3404 563 3456 nudes
576 3409 896 3478 nuncupatus.ruiuistrss
909 3409 968 3462 duri
1024 3404 1115 3460 iuveni
1135 3407 1184 3458 deo
1202 3419 1301 3476 semper
1317 3407 1430 3459 virentis
1449 3425 1509 3462 eou-

483 3492 603 3547 dieimus.
613 3495 678 3548 Nam
693 3499 765 3566 quod
781 3515 795 3548 ιι
810 3498 875 3572 μήνη
888 3497 966 3557 luus,
1021 3493 1137 3548 veniunt.
1151 3493 1219 3545 ilinc
1242 3503 1270 3546 et
1284 3493 1381 3546 beders
1397 3512 1508 3548 coronu-

481 3581 625 3637 lllsensdes
635 3587 711 3654 quusi
725 3586 857 3640 lunaticus
869 3624 876 3644 ,
888 3588 966 3642 idest
1021 3583 1118 3638 buntur
1137 3589 1247 3654 proiice.
1261 3583 1300 3636 rel
1319 3594 1409 3654 utpote.
1427 3582 1507 3637 Libe-

482 3668 638 3725 admodum
658 3671 832 3726 lunaticorum
852 3674 965 3728 l'ureutes
1020 3672 1210 3726 reconsecrari
1232 3707 1239 3728 .
1265 3672 1313 3741 qni
1332 3683 1364 3726 ut
1387 3674 1505 3728 llueehue

481 3767 648 3826 nuncupetur
668 3759 739 3816 siut.
759 3762 841 3826 turpis
858 3779 964 3832 compo·
1020 3761 1156 3814 insaniunt
1170 3761 1257 3818 ‚uude
1267 3760 1391 3812 Horatius
1404 3769 1434 3810 ut
1449 3778 1506 3810 um-

479 3840 560 3892 situm
579 3861 658 3911 quem
669 3864 757 3899 serum
772 3849 886 3902 videtur.
896 3852 965 3918 Lyn·
1019 3845 1043 3897 le
1062 3863 1139 3898 sunus
1155 3847 1279 3914 ascripsit
1295 3843 1383 3896 Liberi
1408 3845 1506 3910 satyris

480 3949 521 3984 ces
540 3933 565 3986 ei
585 3935 619 3988 ob
639 3936 746 3988 nimium
769 3955 821 4005 qus
851 3937 964 4002 insigues
1018 3933 1161 4003 inuitisque
1179 3932 1423 4004 pootns5volquia
1441 3949 1506 3985 serm

479 4037 523 4075 res
547 4022 692 4095 recepimus
710 4023 782 4078 risus
805 4025 964 4098 perspicaci·
1018 4040 1064 4096 per
1081 4023 1168 4079 virent
1185 4021 1390 4079 bederne,sicut
1407 4021 1504 4074 ensuri-
1530 4073 1533 4082 ,
