3638 5332
444 657 509 750 37Θ

415 847 469 904 qne
486 825 603 884 iabuiaor
622 827 692 884 iacta
711 837 774 880 aunt
793 825 847 880 duo
864 823 905 878 ai-

416 937 485 988 με.
508 919 547 972 Er
565 917 705 974 brachiis.
724 933 795 986 quae
817 912 907 967 alteiae

419 1006 667 1069 dicuntur‚iactnm
676 1001 907 1074 esteipnumquod

417 1095 518 1150 dicitnr
528 1093 598 1148 libra
611 1115 618 1146 z
631 1111 663 1150 ea
677 1111 786 1165 corpore
808 1090 907 1145 laetum

417 1193 457 1236 eat
471 1183 576 1252 rignum
589 1181 663 1252 quod
678 1181 779 1234 dicitur
795 1177 907 1250 scorpio.

420 1268 573 1322 Soldioitor
581 1287 637 1324 erse
645 1269 673 1322 in
683 1251 908 1338 siurpione‚quia

420 1354 490 1408 siout
504 1353 607 1426 scorpio
616 1354 712 1426 pungit
722 1371 768 1426 por
781 1353 893 1406 eandam
904 1387 912 1410 .

421 1445 461 1498 ita
476 1453 504 1498 et
526 1461 586 1496 cum
607 1443 647 1498 sol
669 1453 709 1496 eat
729 1442 756 1494 in
774 1453 849 1514 parte
873 1443 907 1494 ri·

422 1529 473 1584 iius
492 1529 561 1598 signi
580 1565 588 1588 .
606 1527 701 1602 pungit
719 1529 801 1596 irigus
820 1549 826 1580 r
847 1545 907 1582 neor

419 1619 533 1692 primum
562 1617 645 1688 irigus
676 1617 760 1688 magis
785 1619 908 1672 nocivum

418 1717 480 1764 eat·

454 1807 473 1864 9
491 1791 592 1846 Chiron
605 1793 721 1864 optimus
734 1793 890 1862 sagittarius
901 1829 907 1852 .

419 1881 542 1950 magister
555 1879 666 1936 Achillia
679 1893 706 1936 ot
721 1883 836 1936 nutritor
847 1881 910 1935 Aes·

420 1969 538 2044 errlapii.
555 1967 590 2023 ob
609 1969 776 2042 scorpionis.
796 1970 830 2024 de
854 1989 909 2041 quo

420 2057 522 2112 dictum
534 2069 574 2118 est
585 2075 664 2130 supra
674 2095 681 2118 ,
692 2059 891 2126 sagittationem
902 2097 909 2118 .

416 2157 443 2201 ot
461 2143 510 2202 sslii
532 2145 573 2200 aui
586 2143 785 2204 liberationem,
798 2150 909 2202 transla-

418 2247 462 2292 tus
485 2245 525 2290 eat
544 2235 572 2290 in
589 2233 802 2292 ensiumroter
822 2238 908 2292 eoir-

420 2332 492 2376 etum
517 2333 557 2377 eat
581 2321 685 2390 signum
709 2323 782 2394 quod
809 2323 909 2380 dicitur

416 2407 597 2476 sagittarius·
615 2409 658 2464 Sol
682 2409 782 2466 dieitur
803 2429 858 2466 esso
882 2413 908 2468 in

416 2495 580 2562 aopittario.
604 2497 668 2568 quia
692 2498 763 2552 siout
787 2515 818 2553 er
846 2517 907 2552 arou

419 2585 579 2642 omittuntur
596 2587 728 2654 sagittae.
747 2589 787 2642 sie
800 2606 859 2642 cum
870 2591 910 2645 sol

420 2669 539 2726 decurrit
556 2691 602 2744 por
618 2673 691 2726 istud
703 2673 824 2742 siguum.
836 2675 909 2730 nives

420 2758 579 2812 omittuntur
599 2755 633 2811 ab
653 2765 721 2814 atre.

460 2863 491 2902 to
509 2849 637 2902 Suturuus
648 2847 719 2904 itlius
729 2850 803 2905 Caeli
814 2849 911 2904 habuit

422 2933 450 2988 iu
475 2935 604 3008 responsis
627 2953 642 2989 a
662 2937 813 2996 Themide.
839 2939 911 3010 quod

421 3021 563 3078 lrolriturus
583 3035 641 3078 orat
656 3025 758 3086 lilium.
780 3027 864 3102 ipsum
879 3029 912 3082 do

420 3129 500 3178 regno
536 3112 716 3183 expulsurum·
737 3117 813 3172 Unde
842 3118 913 3174 dixit

421 3199 509 3254 llirom
529 3200 584 3256 rive
600 3201 653 3274 Opi
681 3205 763 3260 sorori
787 3217 814 3260 et
835 3209 912 3263 uxori

422 3306 509 3346 suae.
529 3289 602 3360 quod
629 3291 760 3364 quioquid
778 3309 884 3368 pareret
903 3335 911 3358 .

422 3379 476 3434 sibi
501 3381 587 3436 daret.
607 3381 695 3437 Primo
713 3401 775 3452 ergo
796 3385 912 3442 tradidit

421 3469 445 3522 ei
457 3471 608 3542 Neptunum
621 3509 628 3531 .
640 3489 717 3542 quem
730 3472 757 3526 in
768 3475 912 3530 maresub-

423 3560 513 3614 mersit
534 3597 540 3616 .
561 3571 588 3614 et
609 3559 694 3614 iaetus
714 3571 755 3615 est
775 3563 840 3616 deus
862 3581 914 3616 rna·

421 3647 503 3701 rinus·
513 3649 633 3703 Secundo
644 3648 720 3703 dedit
731 3649 757 3703 ei
767 3651 913 3710 Plutonem.

424 3753 502 3806 quom
525 3737 553 3788 in
575 3735 676 3792 iorasm
695 3739 861 3798 annotavit.
886 3752 913 3794 et

425 3826 509 3880 iactus
526 3837 568 3879 est
587 3825 652 3880 deus
671 3825 825 3880 inferorum.
843 3828 914 3884 Tan·

425 3913 484 3966 dem
504 3921 568 3966 nato
591 3913 652 3966 lore
669 3911 751 3966 mirae
764 3913 913 3986 pulchritu-

424 3999 496 4054 dinis
511 4035 518 4058 ‚
537 3999 623 4072 ipsius
636 3999 760 4058 miserta,
778 4001 852 4054 misit
866 4003 914 4054 So-

764 673 1015 728 trimontium
1040 679 1094 727 ΙΙΙ.

964 835 1045 880 turno
1072 825 1187 899 lapidem
1214 825 1320 882 nomine
1345 824 1451 884 abdit·

963 931 1041 984 quern
1078 911 1244 987 pulveraturn
1276 917 1417 972 devorarit
1443 933 1452 967 r

964 1001 1060 1054 deinde
1072 1013 1176 1070 egestus
1189 1015 1217 1058 et
1231 1003 1360 1058 formatus
1370 1015 1412 1058 est
1421 1003 1451 1056 io

964 1090 1077 1162 speeiem
1091 1091 1234 1146 humanam
1248 1106 1277 1150 et
1290 1091 1452 1148 vivificatus·

964 1177 1053 1230 Iovem
1072 1195 1133 1234 vero
1152 1191 1237 1235 mater
1258 1179 1373 1234 tradidit
1390 1178 1450 1230 oui-

963 1263 1024 1316 dam
1035 1265 1127 1336 lupae.
1137 1284 1207 1338 quae
1218 1285 1276 1320 eum
1284 1286 1337 1320 non
1348 1264 1452 1320 habun-

964 1353 1452 1426 daretiaotmnotrivitipsumilmal·

964 1441 1027 1494 tinea
1043 1459 1145 1514 capra:
1164 1443 1212 1514 qui
1233 1443 1342 1496 adultos
1358 1443 1452 1497 Satur-

965 1549 1028 1584 num
1052 1532 1085 1584 de
1109 1550 1189 1600 regno
1216 1533 1346 1604 expulit.
1371 1543 1402 1586 ut
1423 1533 1452 1585 in

966 1619 1018 1672 alia
1033 1632 1106 1692 patet
1120 1619 1230 1684 fabulor
1250 1631 1278 1676 et
1287 1619 1453 1674 Amaltheam

966 1723 1071 1778 capram
1083 1745 1090 1766 ‚
1104 1725 1173 1778 quae
1192 1708 1277 1780 ipsum
1287 1709 1454 1766 nutriverat,

968 1799 997 1852 in
1020 1799 1121 1856 erolum
1139 1800 1278 1856 transtulit
1297 1837 1303 1857 .
1322 1811 1350 1854 ot
1371 1817 1405 1854 ex
1423 1817 1455 1854 ea

968 1885 1069 1942 iactum
1086 1900 1127 1942 eat
1142 1888 1247 1964 signum
1262 1889 1335 1959 quod
1354 1889 1455 1944 dieitur

969 1979 1155 2050 capricornus·
1171 1979 1214 2033 Sol
1233 1977 1334 2032 dicitur
1352 1995 1409 2032 esse
1428 1978 1456 2031 in

969 2065 1140 2136 capricorno.
1154 2065 1219 2136 quia
1228 2064 1298 2118 sieut
1314 2082 1392 2137 capra
1404 2083 1457 2136 pe·

969 2152 1005 2204 tit
1027 2151 1155 2208 aita.ita
1171 2151 1210 2206 sol
1227 2169 1286 2204 eum
1303 2163 1344 2206 est
1358 2153 1386 2206 in
1397 2171 1457 2206 ωο-

969 2241 1014 2296 dio
1029 2241 1101 2295 illius
1118 2241 1187 2310 signi
1204 2279 1210 2301 .
1225 2259 1283 2294 cnm
1299 2261 1352 2297 non
1371 2243 1457 2316 possit

968 2329 1027 2399 plus
1057 2327 1240 2388 descendere,
1266 2340 1331 2384 tune
1358 2331 1456 2401 incipit

968 2415 1116 2470 ascendere.

1005 2519 1033 2556 rt
1056 2501 1222 2572 Ganymedea
1234 2502 1305 2557 iilius
1317 2502 1402 2556 'l'rorii
1415 2520 1456 2556 re-

967 2597 1007 2668 gia
1021 2597 1118 2650 Troiae
1133 2593 1323 2668 pulcherrimus
1336 2607 1363 2650 et
1372 2613 1457 2649 vona-

968 2685 1457 2758 toroptimusdilectusalove‚raptus

968 2775 1056 2830 ostob
1076 2793 1107 2828 eo
1128 2774 1156 2826 in
1169 2771 1218 2830 Ida
1237 2772 1363 2844 siiraper
1383 2773 1459 2842 aqui-

967 2864 1019 2916 lam
1033 2863 1157 2916 nunciom
1171 2863 1257 2920 lovis,
1272 2863 1299 2913 in
1313 2877 1393 2931 quam
1405 2860 1457 2913 ier·

969 2960 1014 3003 tur
1030 2949 1151 3020 luppiter
1163 2959 1227 3001 tune
1237 2957 1364 3001 mutatus·
1377 2947 1459 3000 Dein·

970 3036 1003 3088 de
1023 3036 1131 3108 depulsa
1151 3034 1224 3090 liobe
1244 3035 1299 3088 lilia
1315 3033 1425 3088 iunonis
1448 3070 1456 3091 .

971 3125 1020 3178 dea
1040 3123 1187 3176 iuventutis
1202 3159 1209 3181 .
1225 3139 1294 3193 quae
1309 3121 1382 3192 prius
1397 3131 1458 3174 erat

970 3211 1095 3282 pincerna
1121 3209 1228 3262 deorum
1253 3245 1260 3266 ‚
1289 3205 1458 3276 Ganymedes

970 3293 1056 3348 iactus
1075 3303 1115 3346 est
1139 3293 1266 3364 pincerna
1285 3293 1358 3346 loris
1377 3328 1385 3351 .
1407 3290 1459 3362 qui

970 3381 1459 3456 proptergratiampropinationisme·

971 3473 1026 3528 ruit
1043 3473 1100 3526 lieri
1123 3471 1228 3540 signum
1246 3471 1369 3527 caeleste,
1383 3469 1459 3540 quod

972 3559 1098 3630 aquarius
1111 3557 1210 3612 dicitur
1221 3579 1228 3611 r
1238 3569 1266 3612 et
1284 3557 1384 3612 dicitur
1397 3556 1460 3610 ideo

971 3657 1072 3716 gestare
1087 3663 1180 3698 urnam
1206 3647 1234 3698 in
1252 3664 1332 3699 mann
1347 3657 1459 3718 propter

971 3733 1095 3806 temporis
1120 3733 1318 3804 proprietatem.

1008 3842 1038 3879 ta
1058 3823 1214 3876 imminente
1232 3823 1354 3890 giganteo
1371 3821 1459 3880 bello.

970 3917 1061 3968 Venus
1078 3911 1279 3982 eumCupidine
1296 3911 1352 3964 iiiio
1364 3927 1414 3965 sno
1429 3910 1460 3963 in

970 4001 1120 4056 Palaestina
1137 4000 1245 4067 regione
1259 3997 1369 4051 sedebat
1378 4013 1459 4068 snper
