3630 5334
520 657 565 705 nn
590 651 810 706 aurromcur
835 651 1065 707 coonarromr.
1218 635 1279 705 321

263 807 393 893 ectica
423 831 522 888 rero
544 800 694 886 eodem
722 799 863 886 iudice
885 831 971 920 quo
1006 799 1240 890 adversario
1270 805 1332 890 ui·

262 922 367 1004 titur
372 918 426 1114 ἧι
467 962 478 979 ·

319 1069 341 1148 7
416 1057 487 1112 aec
521 1027 650 1144 igitur
674 1029 879 1114 rhetorica
914 1029 1050 1114 oratio
1078 1029 1207 1116 habet
1229 1061 1333 1146 par-

264 1169 323 1232 tes
353 1143 440 1226 ·Vl.
459 1178 472 1243 ς
494 1140 813 1254 prohoemium,
838 1141 955 1258 quod
987 1141 1203 1230 exordium
1237 1169 1333 1251 est,

262 1256 576 1348 narrationem,
598 1255 902 1366 partitionem,
934 1252 1296 1344 confirmationem
1318 1319 1332 1356 ,

264 1368 655 1486 reprehensionem,
685 1370 1023 1500 perorationem:
1049 1398 1159 1486 quae
1195 1393 1333 1486 partes

266 1481 529 1568 instmmenti
547 1480 770 1566 rhetoricae
785 1479 992 1568 facultatis
1005 1485 1230 1600 ,quoniam
1247 1484 1337 1572 rhe-

266 1597 397 1684 torica
427 1595 470 1677 in
494 1592 689 1680 omnihus
725 1596 810 1680 suis
839 1595 1057 1708 speciebus
1084 1597 1226 1704 inest,
1262 1599 1338 1685 eis-

268 1709 367 1794 dem
390 1703 452 1826 (α)
469 1707 667 1811 inemut;
697 1738 775 1792 nec
805 1710 944 1822 potius
973 1711 1169 1816 inemnt,
1205 1741 1339 1828 quam

268 1821 432 1908 hisdem
450 1850 557 1934 quac
577 1841 781 1936 peragunt
811 1819 1177 1908 administrabunt.
1191 1825 1340 1959 ltaque

271 1959 313 2022 et
348 1937 392 2018 in
428 1930 614 2018 iudiciali
652 1963 801 2049 genere
838 1963 1054 2020 causamm
1088 1967 1341 2022 necessarius

271 2070 336 2136 est
354 2048 457 2133 ordo
483 2047 715 2162 prohoemii
746 2069 789 2132 et
814 2049 1059 2133 narrationis
1089 2069 1131 2131 at
1162 2080 1215 2133 ue
1238 2070 1343 2134 cete·

274 2193 417 2248 rorum
432 2219 446 2266 ,
460 2157 698 2278 quae(3)in
712 2158 1040 2248 demonstrativo
1054 2081 1346 2250 delilerativo

275 2272 359 2395 qhe
373 2274 602 2361 necessaria
619 2293 728 2358 sunt.
744 2273 863 2387 Opus
881 2295 1021 2358 autem
1042 2275 1271 2361 rhetoricae
1286 2275 1347 2360 fa-

277 2389 441 2474 cultatis
464 2388 613 2472 docere
635 2407 678 2469 et
698 2417 866 2471 movere
886 2419 897 2471 ε
919 2387 1038 2502 quod
1073 2388 1346 2474 nihilominus

278 2501 443 2588 hisdem
474 2500 558 2586 fere
583 2500 672 2583 ·Vl·
697 2501 1022 2606 instrumentis,
1051 2502 1159 2588 idest
1188 2505 1349 2587 oratio-

285 2616 351 2700 nis
371 2614 562 2730 partihus
578 2671 591 2716 ,
605 2611 931 2700 administratur.
947 2613 1089 2701 Partes
1106 2637 1245 2700 autem
1260 2616 1349 2701 rhe-

283 2730 439 2812 toricae
474 2787 488 2833 ,
528 2727 728 2843 quoniam
770 2747 908 2841 partes
944 2749 1043 2813 sunt
1096 2727 1351 2832 facultatis,

282 2843 395 2955 ipsae
424 2871 594 2960 quoque
623 2861 720 2924 sunt
749 2839 978 2926 facultates.
1002 2841 1209 2948 Quocirca
1236 2847 1349 2958 ipsae

285 2985 458 3071 quoque
487 2954 683 3040 orationis
708 2953 897 3067 partibus
922 2957 1040 3071 quasi
1067 2957 1353 3043 instrumentis

283 3090 454 3152 utentur
491 3069 535 3151 in
566 3085 757 3180 partem,
779 3089 906 3183 atque
927 3090 976 3151 ut
1002 3069 1066 3154 his
1101 3093 1356 3184 operentur,

287 3179 445 3266 eisdem
473 3183 653 3264 inerunt·
681 3179 721 3266 N
726 3211 794 3264 arn
827 3181 907 3266 nisi
937 3179 1074 3266 adsint
1103 3185 1168 3300 (4)
1197 3181 1357 3298 praedi·

290 3316 380 3378 ctae
412 3294 641 3378 rhetoricae
672 3314 842 3406 partes,
866 3315 915 3378 ut
953 3295 1166 3397 inveniat,
1188 3298 1357 3416 eloqua-

289 3429 388 3510 tur,
415 3407 646 3519 disponat,
680 3407 951 3500 meminerit,
984 3410 1264 3517 pronuntiet,
1298 3409 1358 3492 nil

291 3540 384 3635 agat
419 3541 591 3605 orator.
623 3517 875 3637 Eodemque
911 3519 1038 3606 modo
1069 3553 1140 3607 eae
1167 3520 1229 3641 (5)
1251 3552 1361 3642 quae

292 3631 376 3720 fere
403 3654 539 3748 partes
565 3633 871 3728 instrumenti,
901 3635 985 3718 nisi
1012 3635 1192 3722 habeant
1219 3665 1363 3722 omnes

366 3871 411 3944 (¹)
427 3873 497 3952 Nur
514 3889 563 3942 rro
581 3869 702 3926 aaran
904 3875 948 3944 (t)
967 3875 1103 3930 Cotum
1114 3881 1144 3930 tn
1155 3879 1283 3938 exoratu
1294 3881 1367 3938 ane.

366 3959 407 4030 (a)
426 3961 467 4012 lta
482 3959 543 4012 cod.
553 3957 591 4012 At
607 3957 678 4014 infra
696 3960 811 4018 hisdem.
903 3961 946 4035 (5)
966 3963 1033 4018 Cod·
1043 3982 1150 4020 aarum.

367 4041 410 4118 (3)
429 4046 532 4102 cota
552 4063 598 4118 pro
616 4065 702 4119 quae.

1030 4167 1079 4225 21
