<?xml version="1.0" encoding="UTF-8"?>
<!DOCTYPE html PUBLIC "-//W3C//DTD XHTML 1.0 Transitional//EN"
    "http://www.w3.org/TR/xhtml1/DTD/xhtml1-transitional.dtd">
<html xmlns="http://www.w3.org/1999/xhtml" xml:lang="en" lang="en">
 <head>
  <title>
</title>
<meta http-equiv="Content-Type" content="text/html;charset=utf-8" />
  <meta name='ocr-system' content='tesseract 3.04.00' />
  <meta name='ocr-capabilities' content='ocr_page ocr_carea ocr_par ocr_line ocrx_word'/>
</head>
<body>
  <div class='ocr_page' id='page_1' title='image "./classicorumauct01vatigoog_0524.png"; bbox 0 0 3606 5356; ppageno 0'>
   <div class='ocr_carea' id='block_1_1' title="bbox 664 639 1441 743">
    <p class='ocr_par' dir='ltr' id='par_1_1' title="bbox 664 639 1441 743">
     <span class='ocr_line' id='line_1_1' title="bbox 664 639 1441 743; baseline -0.001 -24"><span class='ocrx_word' id='word_1_1' title='bbox 664 669 924 720; x_wconf 71' lang='lat' dir='ltr'><strong><em>Gnosstt.</em></strong></span> <span class='ocrx_word' id='word_1_2' title='bbox 1198 639 1277 743; x_wconf 78' lang='lat'><strong><em>459</em></strong></span> <span class='ocrx_word' id='word_1_3' title='bbox 1438 693 1441 700; x_wconf 87' lang='lat'>·</span> 
     </span>
    </p>
   </div>
   <div class='ocr_carea' id='block_1_2' title="bbox 287 821 1309 1165">
    <p class='ocr_par' dir='ltr' id='par_1_2' title="bbox 287 821 1309 1165">
     <span class='ocr_line' id='line_1_2' title="bbox 288 821 1014 926; baseline 0.004 -33"><span class='ocrx_word' id='word_1_4' title='bbox 288 821 548 924; x_wconf 79' lang='lat' dir='ltr'><strong><em>Experimini,</em></strong></span> <span class='ocrx_word' id='word_1_5' title='bbox 573 825 863 926; x_wconf 84' lang='lat' dir='ltr'><strong><em>experimentum</em></strong></span> <span class='ocrx_word' id='word_1_6' title='bbox 886 825 1014 925; x_wconf 84' lang='lat' dir='ltr'><strong><em>capite.</em></strong></span> 
     </span>
     <span class='ocr_line' id='line_1_3' title="bbox 287 941 939 1041; baseline 0 -26"><span class='ocrx_word' id='word_1_7' title='bbox 287 941 487 1030; x_wconf 84' lang='lat' dir='ltr'><strong><em>Enormia,</em></strong></span> <span class='ocrx_word' id='word_1_8' title='bbox 509 941 667 1041; x_wconf 79' lang='lat' dir='ltr'><strong><em>grartdia</em></strong></span> <span class='ocrx_word' id='word_1_9' title='bbox 691 945 746 1018; x_wconf 83' lang='lat' dir='ltr'><strong><em>vei</em></strong></span> <span class='ocrx_word' id='word_1_10' title='bbox 772 945 939 1041; x_wconf 70' lang='lat' dir='ltr'><strong><em>ingentia.</em></strong></span> 
     </span>
     <span class='ocr_line' id='line_1_4' title="bbox 287 1057 1309 1165; baseline -0.003 -32"><span class='ocrx_word' id='word_1_11' title='bbox 287 1060 503 1147; x_wconf 85' lang='lat' dir='ltr'><strong><em>Exedram,</em></strong></span> <span class='ocrx_word' id='word_1_12' title='bbox 526 1058 623 1136; x_wconf 82' lang='lat' dir='ltr'><strong><em>absis</em></strong></span> <span class='ocrx_word' id='word_1_13' title='bbox 640 1059 817 1165; x_wconf 75' lang='lat' dir='ltr'><em>quaedam</em></span> <span class='ocrx_word' id='word_1_14' title='bbox 834 1071 1003 1164; x_wconf 79' lang='lat' dir='ltr'><strong><em>separata</em></strong></span> <span class='ocrx_word' id='word_1_15' title='bbox 1019 1058 1198 1134; x_wconf 65' lang='lat' dir='ltr'><strong><em>uiaticum</em></strong></span> <span class='ocrx_word' id='word_1_16' title='bbox 1216 1057 1309 1162; x_wconf 81' lang='lat' dir='ltr'><strong><em>quid</em></strong></span> 
     </span>
    </p>
   </div>
   <div class='ocr_carea' id='block_1_3' title="bbox 287 1185 1070 1403">
    <p class='ocr_par' dir='ltr' id='par_1_3' title="bbox 287 1185 1070 1403">
     <span class='ocr_line' id='line_1_5' title="bbox 338 1185 871 1284; baseline 0.008 -29"><span class='ocrx_word' id='word_1_17' title='bbox 338 1208 364 1255; x_wconf 94' lang='lat' dir='ltr'><strong><em>a</em></strong></span> <span class='ocrx_word' id='word_1_18' title='bbox 381 1187 571 1283; x_wconf 82' lang='lat' dir='ltr'><strong><em>praetorio</em></strong></span> <span class='ocrx_word' id='word_1_19' title='bbox 592 1195 657 1256; x_wconf 83' lang='lat' dir='ltr'><strong><em>aut</em></strong></span> <span class='ocrx_word' id='word_1_20' title='bbox 680 1209 704 1255; x_wconf 93' lang='lat' dir='ltr'><strong><em>a</em></strong></span> <span class='ocrx_word' id='word_1_21' title='bbox 722 1185 871 1284; x_wconf 69' lang='lat' dir='ltr'><strong><em>palatio.</em></strong></span> 
     </span>
     <span class='ocr_line' id='line_1_6' title="bbox 287 1298 1070 1403; baseline 0.001 -30"><span class='ocrx_word' id='word_1_22' title='bbox 287 1301 354 1375; x_wconf 87' lang='lat' dir='ltr'><strong><em>Ex</em></strong></span> <span class='ocrx_word' id='word_1_23' title='bbox 375 1299 555 1403; x_wconf 80' lang='lat' dir='ltr'><strong><em>pheniaea</em></strong></span> <span class='ocrx_word' id='word_1_24' title='bbox 581 1298 712 1402; x_wconf 81' lang='lat' dir='ltr'><em>bysso,</em></span> <span class='ocrx_word' id='word_1_25' title='bbox 738 1325 790 1374; x_wconf 84' lang='lat' dir='ltr'><strong><em>ex</em></strong></span> <span class='ocrx_word' id='word_1_26' title='bbox 811 1325 935 1402; x_wconf 79' lang='lat' dir='ltr'><strong><em>parato</em></strong></span> <span class='ocrx_word' id='word_1_27' title='bbox 956 1323 1070 1376; x_wconf 87' lang='lat' dir='ltr'><strong><em>roseo.</em></strong></span> 
     </span>
    </p>
   </div>
   <div class='ocr_carea' id='block_1_4' title="bbox 254 1420 1336 4154">
    <p class='ocr_par' dir='ltr' id='par_1_4' title="bbox 286 1420 666 1508">
     <span class='ocr_line' id='line_1_7' title="bbox 286 1420 666 1508; baseline 0.016 -16"><span class='ocrx_word' id='word_1_28' title='bbox 286 1420 461 1508; x_wconf 79' lang='lat' dir='ltr'><strong><em>Excivit,</em></strong></span> <span class='ocrx_word' id='word_1_29' title='bbox 485 1425 666 1498; x_wconf 79' lang='lat' dir='ltr'><strong><em>excitavit.</em></strong></span> 
     </span>
    </p>

    <p class='ocr_par' dir='ltr' id='par_1_5' title="bbox 287 1539 700 1627">
     <span class='ocr_line' id='line_1_8' title="bbox 287 1539 700 1627; baseline 0.019 -15"><span class='ocrx_word' id='word_1_30' title='bbox 287 1539 478 1627; x_wconf 79' lang='lat' dir='ltr'><strong><em>Exaintr,</em></strong></span> <span class='ocrx_word' id='word_1_31' title='bbox 504 1545 700 1620; x_wconf 80' lang='lat' dir='ltr'><strong><em>excitatur.</em></strong></span> 
     </span>
    </p>

    <p class='ocr_par' dir='ltr' id='par_1_6' title="bbox 286 1657 1227 1766">
     <span class='ocr_line' id='line_1_9' title="bbox 286 1657 1227 1766; baseline -0.001 -33"><span class='ocrx_word' id='word_1_32' title='bbox 286 1660 354 1734; x_wconf 82' lang='lat' dir='ltr'><strong><em>Ex</em></strong></span> <span class='ocrx_word' id='word_1_33' title='bbox 379 1665 526 1763; x_wconf 79' lang='lat' dir='ltr'><strong><em>specula</em></strong></span> <span class='ocrx_word' id='word_1_34' title='bbox 549 1677 740 1766; x_wconf 80' lang='lat' dir='ltr'><strong><em>spectans,</em></strong></span> <span class='ocrx_word' id='word_1_35' title='bbox 764 1687 818 1737; x_wconf 88' lang='lat' dir='ltr'><strong><em>ex</em></strong></span> <span class='ocrx_word' id='word_1_36' title='bbox 840 1667 913 1736; x_wconf 88' lang='lat' dir='ltr'><strong><em>alto</em></strong></span> <span class='ocrx_word' id='word_1_37' title='bbox 932 1666 1014 1737; x_wconf 80' lang='lat' dir='ltr'><strong><em>loca</em></strong></span> <span class='ocrx_word' id='word_1_38' title='bbox 1033 1657 1227 1734; x_wconf 84' lang='lat' dir='ltr'><strong><em>intendens.</em></strong></span> 
     </span>
    </p>

    <p class='ocr_par' dir='ltr' id='par_1_7' title="bbox 288 1771 1203 1883">
     <span class='ocr_line' id='line_1_10' title="bbox 288 1771 1203 1883; baseline -0.002 -31"><span class='ocrx_word' id='word_1_39' title='bbox 288 1771 457 1868; x_wconf 80' lang='lat' dir='ltr'><strong><em>Exarte,</em></strong></span> <span class='ocrx_word' id='word_1_40' title='bbox 482 1779 784 1856; x_wconf 65' lang='lat' dir='ltr'><strong><em>indissimulanter</em></strong></span> <span class='ocrx_word' id='word_1_41' title='bbox 807 1795 917 1883; x_wconf 82' lang='lat' dir='ltr'><strong><em>atque</em></strong></span> <span class='ocrx_word' id='word_1_42' title='bbox 938 1777 1203 1854; x_wconf 75' lang='lat' dir='ltr'><strong><em>ostentabiliter.</em></strong></span> 
     </span>
    </p>

    <p class='ocr_par' dir='ltr' id='par_1_8' title="bbox 286 1901 1304 2122">
     <span class='ocr_line' id='line_1_11' title="bbox 286 1901 1304 2004; baseline -0.004 -30"><span class='ocrx_word' id='word_1_43' title='bbox 286 1902 425 1976; x_wconf 85' lang='lat' dir='ltr'><strong><em>Exerti</em></strong></span> <span class='ocrx_word' id='word_1_44' title='bbox 457 1917 578 1977; x_wconf 75' lang='lat' dir='ltr'><strong><em>atatem</em></strong></span> <span class='ocrx_word' id='word_1_45' title='bbox 604 1901 776 1977; x_wconf 69' lang='lat' dir='ltr'><strong><em>asanaa</em></strong></span> <span class='ocrx_word' id='word_1_46' title='bbox 804 1906 870 2004; x_wconf 85' lang='lat' dir='ltr'><strong><em>qai</em></strong></span> <span class='ocrx_word' id='word_1_47' title='bbox 897 1904 1062 1976; x_wconf 82' lang='lat' dir='ltr'><strong><em>virtatem</em></strong></span> <span class='ocrx_word' id='word_1_48' title='bbox 1090 1923 1192 1972; x_wconf 81' lang='lat' dir='ltr'><strong><em>snam</em></strong></span> <span class='ocrx_word' id='word_1_49' title='bbox 1218 1919 1304 1970; x_wconf 86' lang='lat' dir='ltr'><strong><em>exe·</em></strong></span> 
     </span>
     <span class='ocr_line' id='line_1_12' title="bbox 337 2015 906 2122; baseline -0.004 -29"><span class='ocrx_word' id='word_1_50' title='bbox 337 2034 425 2094; x_wconf 88' lang='lat' dir='ltr'><strong><em>rant</em></strong></span> <span class='ocrx_word' id='word_1_51' title='bbox 448 2033 484 2094; x_wconf 86' lang='lat' dir='ltr'><strong><em>et</em></strong></span> <span class='ocrx_word' id='word_1_52' title='bbox 507 2025 545 2093; x_wconf 89' lang='lat' dir='ltr'><strong><em>in</em></strong></span> <span class='ocrx_word' id='word_1_53' title='bbox 565 2033 741 2122; x_wconf 83' lang='lat' dir='ltr'><strong><em>promptu</em></strong></span> <span class='ocrx_word' id='word_1_54' title='bbox 764 2015 906 2092; x_wconf 80' lang='lat' dir='ltr'><strong><em>habent.</em></strong></span> 
     </span>
    </p>

    <p class='ocr_par' dir='ltr' id='par_1_9' title="bbox 285 2137 750 2224">
     <span class='ocr_line' id='line_1_13' title="bbox 285 2137 750 2224; baseline 0.011 -16"><span class='ocrx_word' id='word_1_55' title='bbox 285 2137 501 2224; x_wconf 80' lang='lat' dir='ltr'><strong><em>Evacaans,</em></strong></span> <span class='ocrx_word' id='word_1_56' title='bbox 525 2141 750 2213; x_wconf 69' lang='lat' dir='ltr'><strong><em>exinaniant.</em></strong></span> 
     </span>
    </p>

    <p class='ocr_par' dir='ltr' id='par_1_10' title="bbox 254 2253 691 2356">
     <span class='ocr_line' id='line_1_14' title="bbox 254 2253 691 2356; baseline 0.005 -28"><span class='ocrx_word' id='word_1_57' title='bbox 254 2253 257 2261; x_wconf 75' lang='grc'>’</span> <span class='ocrx_word' id='word_1_58' title='bbox 286 2257 464 2355; x_wconf 58' lang='lat' dir='ltr'><strong><em>Pigrane,</em></strong></span> <span class='ocrx_word' id='word_1_59' title='bbox 489 2257 691 2356; x_wconf 73' lang='lat' dir='ltr'><strong><em>indiguisse.</em></strong></span> 
     </span>
    </p>

    <p class='ocr_par' dir='ltr' id='par_1_11' title="bbox 286 2375 697 2481">
     <span class='ocr_line' id='line_1_15' title="bbox 286 2375 697 2481; baseline 0.005 -34"><span class='ocrx_word' id='word_1_60' title='bbox 286 2375 477 2461; x_wconf 84' lang='lat' dir='ltr'><strong><em>Enuaieo,</em></strong></span> <span class='ocrx_word' id='word_1_61' title='bbox 498 2375 697 2481; x_wconf 73' lang='lat' dir='ltr'><strong><em>perpendn</em></strong></span> 
     </span>
    </p>

    <p class='ocr_par' dir='ltr' id='par_1_12' title="bbox 287 2487 1304 2710">
     <span class='ocr_line' id='line_1_16' title="bbox 287 2487 1304 2598; baseline 0.001 -33"><span class='ocrx_word' id='word_1_62' title='bbox 287 2493 533 2581; x_wconf 78' lang='lat' dir='ltr'><strong><em>Exanmssio,</em></strong></span> <span class='ocrx_word' id='word_1_63' title='bbox 550 2497 697 2598; x_wconf 76' lang='lat' dir='ltr'><strong><em>inqztiro</em></strong></span> <span class='ocrx_word' id='word_1_64' title='bbox 704 2520 721 2583; x_wconf 89' lang='lat'><em>;</em></span> <span class='ocrx_word' id='word_1_65' title='bbox 738 2507 774 2567; x_wconf 83' lang='lat' dir='ltr'><strong><em>et</em></strong></span> <span class='ocrx_word' id='word_1_66' title='bbox 790 2506 843 2566; x_wconf 83' lang='lat' dir='ltr'><strong><em>est</em></strong></span> <span class='ocrx_word' id='word_1_67' title='bbox 862 2487 1011 2570; x_wconf 75' lang='lat' dir='ltr'><strong><em>verbam</em></strong></span> <span class='ocrx_word' id='word_1_68' title='bbox 1025 2490 1203 2568; x_wconf 83' lang='lat' dir='ltr'><strong><em>sectmdae</em></strong></span> <span class='ocrx_word' id='word_1_69' title='bbox 1222 2517 1304 2568; x_wconf 86' lang='lat' dir='ltr'><strong><em>can·</em></strong></span> 
     </span>
     <span class='ocr_line' id='line_1_17' title="bbox 338 2617 540 2710; baseline 0.01 -24"><span class='ocrx_word' id='word_1_70' title='bbox 338 2617 540 2710; x_wconf 70' lang='lat' dir='ltr'><strong><em>ingatioms.</em></strong></span> 
     </span>
    </p>

    <p class='ocr_par' dir='ltr' id='par_1_13' title="bbox 287 2731 1305 2960">
     <span class='ocr_line' id='line_1_18' title="bbox 287 2731 1305 2838; baseline -0.001 -34"><span class='ocrx_word' id='word_1_71' title='bbox 287 2731 583 2835; x_wconf 82' lang='lat' dir='ltr'><strong><em>Expopulariter</em></strong></span> <span class='ocrx_word' id='word_1_72' title='bbox 612 2738 726 2809; x_wconf 74' lang='lat' dir='ltr'><strong><em>iactas</em></strong></span> <span class='ocrx_word' id='word_1_73' title='bbox 741 2790 757 2822; x_wconf 91' lang='lat'><strong><em>,</em></strong></span> <span class='ocrx_word' id='word_1_74' title='bbox 782 2733 824 2807; x_wconf 83' lang='lat' dir='ltr'><strong><em>id</em></strong></span> <span class='ocrx_word' id='word_1_75' title='bbox 847 2748 900 2808; x_wconf 86' lang='lat' dir='ltr'><strong><em>est</em></strong></span> <span class='ocrx_word' id='word_1_76' title='bbox 926 2733 1028 2838; x_wconf 79' lang='lat' dir='ltr'><strong><em>apud</em></strong></span> <span class='ocrx_word' id='word_1_77' title='bbox 1047 2737 1224 2836; x_wconf 75' lang='lat' dir='ltr'><strong><em>papulam</em></strong></span> <span class='ocrx_word' id='word_1_78' title='bbox 1250 2733 1305 2806; x_wconf 84' lang='lat' dir='ltr'><strong><em>aei</em></strong></span> 
     </span>
     <span class='ocr_line' id='line_1_19' title="bbox 338 2859 939 2960; baseline 0.007 -33"><span class='ocrx_word' id='word_1_79' title='bbox 338 2878 440 2928; x_wconf 86' lang='lat' dir='ltr'><strong><em>more</em></strong></span> <span class='ocrx_word' id='word_1_80' title='bbox 462 2859 594 2957; x_wconf 74' lang='lat' dir='ltr'><strong><em>poprdi</em></strong></span> <span class='ocrx_word' id='word_1_81' title='bbox 617 2860 794 2960; x_wconf 77' lang='lat' dir='ltr'><strong><em>vulgoque</em></strong></span> <span class='ocrx_word' id='word_1_82' title='bbox 817 2859 939 2932; x_wconf 62' lang='lat' dir='ltr'><strong><em>maias.</em></strong></span> 
     </span>
    </p>

    <p class='ocr_par' dir='ltr' id='par_1_14' title="bbox 285 2972 1304 3189">
     <span class='ocr_line' id='line_1_20' title="bbox 285 2972 1304 3076; baseline 0.002 -32"><span class='ocrx_word' id='word_1_83' title='bbox 285 2972 507 3076; x_wconf 81' lang='lat' dir='ltr'><strong><em>Eqaim&#39;nam</em></strong></span> <span class='ocrx_word' id='word_1_84' title='bbox 521 3028 538 3061; x_wconf 97' lang='lat'><strong><em>,</em></strong></span> <span class='ocrx_word' id='word_1_85' title='bbox 570 2973 759 3048; x_wconf 66' lang='lat' dir='ltr'><strong><em>minida</em></strong></span> <span class='ocrx_word' id='word_1_86' title='bbox 786 2978 937 3050; x_wconf 70' lang='lat' dir='ltr'><strong><em>causata</em></strong></span> <span class='ocrx_word' id='word_1_87' title='bbox 963 2988 999 3049; x_wconf 84' lang='lat' dir='ltr'><strong><em>et</em></strong></span> <span class='ocrx_word' id='word_1_88' title='bbox 1022 2977 1060 3046; x_wconf 91' lang='lat' dir='ltr'><strong><em>in</em></strong></span> <span class='ocrx_word' id='word_1_89' title='bbox 1086 2999 1198 3050; x_wconf 77' lang='lat' dir='ltr'><strong><em>iatam</em></strong></span> <span class='ocrx_word' id='word_1_90' title='bbox 1220 2997 1304 3049; x_wconf 84' lang='lat' dir='ltr'><strong><em>aon·</em></strong></span> 
     </span>
     <span class='ocr_line' id='line_1_21' title="bbox 335 3104 499 3189; baseline 0 -25"><span class='ocrx_word' id='word_1_91' title='bbox 335 3104 499 3189; x_wconf 66' lang='lat' dir='ltr'><strong><em>gregati.</em></strong></span> 
     </span>
    </p>

    <p class='ocr_par' dir='ltr' id='par_1_15' title="bbox 284 3209 1336 3434">
     <span class='ocr_line' id='line_1_22' title="bbox 284 3209 1336 3316; baseline -0.004 -26"><span class='ocrx_word' id='word_1_92' title='bbox 284 3211 487 3290; x_wconf 82' lang='lat' dir='ltr'><strong><em>Eliminare</em></strong></span> <span class='ocrx_word' id='word_1_93' title='bbox 505 3266 523 3297; x_wconf 97' lang='lat'><strong><em>,</em></strong></span> <span class='ocrx_word' id='word_1_94' title='bbox 553 3225 663 3286; x_wconf 79' lang='lat' dir='ltr'><strong><em>extra</em></strong></span> <span class='ocrx_word' id='word_1_95' title='bbox 684 3215 791 3288; x_wconf 88' lang='lat' dir='ltr'><strong><em>limen</em></strong></span> <span class='ocrx_word' id='word_1_96' title='bbox 807 3211 983 3316; x_wconf 84' lang='lat' dir='ltr'><strong><em>proferre</em></strong></span> <span class='ocrx_word' id='word_1_97' title='bbox 1007 3215 1061 3287; x_wconf 82' lang='lat' dir='ltr'><strong><em>vei</em></strong></span> <span class='ocrx_word' id='word_1_98' title='bbox 1085 3209 1232 3314; x_wconf 79' lang='lat' dir='ltr'><strong><em>publice</em></strong></span> <span class='ocrx_word' id='word_1_99' title='bbox 1251 3235 1303 3286; x_wconf 84' lang='lat' dir='ltr'><strong><em>se-</em></strong></span> <span class='ocrx_word' id='word_1_100' title='bbox 1315 3271 1336 3298; x_wconf 72' lang='lat'><strong><em>,</em></strong></span> 
     </span>
     <span class='ocr_line' id='line_1_23' title="bbox 337 3331 749 3434; baseline 0.005 -28"><span class='ocrx_word' id='word_1_101' title='bbox 337 3345 478 3406; x_wconf 73' lang='lat' dir='ltr'><strong><em>aream</em></strong></span> <span class='ocrx_word' id='word_1_102' title='bbox 502 3331 594 3434; x_wconf 85' lang='lat' dir='ltr'><strong><em>quid</em></strong></span> <span class='ocrx_word' id='word_1_103' title='bbox 616 3331 749 3408; x_wconf 60' lang='lat' dir='ltr'><strong><em>datae.</em></strong></span> 
     </span>
    </p>

    <p class='ocr_par' dir='ltr' id='par_1_16' title="bbox 285 3448 1301 3665">
     <span class='ocr_line' id='line_1_24' title="bbox 285 3448 1301 3554; baseline 0.004 -32"><span class='ocrx_word' id='word_1_104' title='bbox 285 3449 336 3523; x_wconf 84' lang='lat' dir='ltr'><strong><em>Et</em></strong></span> <span class='ocrx_word' id='word_1_105' title='bbox 356 3476 429 3553; x_wconf 81' lang='lat' dir='ltr'><strong><em>per</em></strong></span> <span class='ocrx_word' id='word_1_106' title='bbox 453 3448 605 3526; x_wconf 85' lang='lat' dir='ltr'><strong><em>hostiam</em></strong></span> <span class='ocrx_word' id='word_1_107' title='bbox 633 3455 823 3547; x_wconf 81' lang='lat' dir='ltr'><strong><em>lustratam</em></strong></span> <span class='ocrx_word' id='word_1_108' title='bbox 841 3508 856 3538; x_wconf 88' lang='lat'><strong><em>,</em></strong></span> <span class='ocrx_word' id='word_1_109' title='bbox 885 3478 959 3554; x_wconf 79' lang='lat' dir='ltr'><strong><em>per</em></strong></span> <span class='ocrx_word' id='word_1_110' title='bbox 978 3453 1193 3554; x_wconf 72' lang='lat' dir='ltr'><strong><em>sacrficium</em></strong></span> <span class='ocrx_word' id='word_1_111' title='bbox 1211 3475 1301 3552; x_wconf 83' lang='lat' dir='ltr'><strong><em>par-</em></strong></span> 
     </span>
     <span class='ocr_line' id='line_1_25' title="bbox 336 3581 478 3665; baseline 0 -23"><span class='ocrx_word' id='word_1_112' title='bbox 336 3581 478 3665; x_wconf 72' lang='lat' dir='ltr'><strong><em>gaam.</em></strong></span> 
     </span>
    </p>

    <p class='ocr_par' dir='ltr' id='par_1_17' title="bbox 284 3687 1025 3794">
     <span class='ocr_line' id='line_1_26' title="bbox 284 3687 1025 3794; baseline 0.007 -34"><span class='ocrx_word' id='word_1_113' title='bbox 284 3688 688 3788; x_wconf 77' lang='lat' dir='ltr'><strong><em>Exsuperattissimas,</em></strong></span> <span class='ocrx_word' id='word_1_114' title='bbox 712 3687 1025 3794; x_wconf 69' lang='lat' dir='ltr'><strong><em>inexsuperabiis.</em></strong></span> 
     </span>
    </p>

    <p class='ocr_par' dir='ltr' id='par_1_18' title="bbox 286 3805 886 3912">
     <span class='ocr_line' id='line_1_27' title="bbox 286 3805 886 3912; baseline 0.01 -34"><span class='ocrx_word' id='word_1_115' title='bbox 286 3805 488 3906; x_wconf 76' lang='lat' dir='ltr'><strong><em>Efficiemia</em></strong></span> <span class='ocrx_word' id='word_1_116' title='bbox 503 3863 519 3894; x_wconf 95' lang='lat'><strong><em>,</em></strong></span> <span class='ocrx_word' id='word_1_117' title='bbox 544 3834 567 3881; x_wconf 92' lang='lat' dir='ltr'><strong><em>a</em></strong></span> <span class='ocrx_word' id='word_1_118' title='bbox 578 3807 758 3912; x_wconf 77' lang='lat' dir='ltr'><strong><em>faciendo</em></strong></span> <span class='ocrx_word' id='word_1_119' title='bbox 781 3808 886 3886; x_wconf 81' lang='lat' dir='ltr'><strong><em>dieta.</em></strong></span> 
     </span>
    </p>

    <p class='ocr_par' dir='ltr' id='par_1_19' title="bbox 286 3927 1298 4154">
     <span class='ocr_line' id='line_1_28' title="bbox 286 3927 1298 4034; baseline 0.005 -37"><span class='ocrx_word' id='word_1_120' title='bbox 286 3927 432 4012; x_wconf 75' lang='lat' dir='ltr'><strong><em>Exsut,</em></strong></span> <span class='ocrx_word' id='word_1_121' title='bbox 457 3927 593 4003; x_wconf 76' lang='lat' dir='ltr'><strong><em>dicitiar</em></strong></span> <span class='ocrx_word' id='word_1_122' title='bbox 612 3935 677 4034; x_wconf 86' lang='lat' dir='ltr'><strong><em>qui</em></strong></span> <span class='ocrx_word' id='word_1_123' title='bbox 696 3944 808 4005; x_wconf 78' lang='lat' dir='ltr'><strong><em>extra</em></strong></span> <span class='ocrx_word' id='word_1_124' title='bbox 826 3935 940 4005; x_wconf 82' lang='lat' dir='ltr'><strong><em>solam</em></strong></span> <span class='ocrx_word' id='word_1_125' title='bbox 957 3944 1030 4004; x_wconf 89' lang='lat' dir='ltr'><strong><em>est:</em></strong></span> <span class='ocrx_word' id='word_1_126' title='bbox 1056 3931 1237 4006; x_wconf 76' lang='lat' dir='ltr'><strong><em>ideonum</em></strong></span> <span class='ocrx_word' id='word_1_127' title='bbox 1263 3955 1298 4002; x_wconf 91' lang='lat' dir='ltr'><strong><em>·s·</em></strong></span> 
     </span>
     <span class='ocr_line' id='line_1_29' title="bbox 323 4031 1294 4154; baseline 0.004 -34"><span class='ocrx_word' id='word_1_128' title='bbox 323 4043 427 4121; x_wconf 84' lang='lat' dir='ltr'><strong><em>debet</em></strong></span> <span class='ocrx_word' id='word_1_129' title='bbox 442 4045 574 4136; x_wconf 81' lang='lat' dir='ltr'><strong><em>scribi,</em></strong></span> <span class='ocrx_word' id='word_1_130' title='bbox 589 4065 629 4130; x_wconf 84' lang='lat' dir='ltr'><strong><em>nt</em></strong></span> <span class='ocrx_word' id='word_1_131' title='bbox 640 4066 692 4128; x_wconf 88' lang='lat' dir='ltr'><strong><em>est</em></strong></span> <span class='ocrx_word' id='word_1_132' title='bbox 705 4055 959 4154; x_wconf 75' lang='lat' dir='ltr'><strong><em>exstirpatz,a</em></strong></span> <span class='ocrx_word' id='word_1_133' title='bbox 974 4049 1100 4130; x_wconf 83' lang='lat' dir='ltr'><strong><em>radiae</em></strong></span> <span class='ocrx_word' id='word_1_134' title='bbox 1116 4031 1294 4126; x_wconf 71' lang='lat' dir='ltr'><strong><em>subversa.</em></strong></span> 
     </span>
    </p>
   </div>
   <div class='ocr_carea' id='block_1_5' title="bbox 0 0 1808 5356">
    <p class='ocr_par' dir='ltr' id='par_1_20' title="bbox 0 0 1808 5356">
     <span class='ocr_line' id='line_1_30' title="bbox 0 0 1808 5356; baseline 0 1"><span class='ocrx_word' id='word_1_135' title='bbox 0 0 1808 5356; x_wconf 95' lang='lat' dir='ltr'><strong><em> </em></strong></span> 
     </span>
    </p>
   </div>
  </div>
 </body>
</html>
