3630 5334
681 717 740 786 DE
762 713 940 788 PERSEO.
1236 745 1302 814 ²77

299 898 339 940 est
352 903 365 940 n
380 905 473 955 grneeo
483 887 561 959 ,quis
573 909 646 961 nvp*
660 897 701 942 est
719 886 786 942 lons.
836 897 898 957 post
915 885 1093 956 punctionem
1111 885 1218 942 seuleus
1235 891 1326 962 poeni·
1394 873 1426 910 ‘¹

297 975 443 1030 Estnutern
457 993 593 1030 conrnune
604 973 722 1030 omnium
733 973 785 1028 liu·
836 975 938 1030 tentiae
957 985 1070 1030 nrentenr
1088 979 1193 1048 pungit·
1208 979 1325 1034 Primum
1406 979 1410 986 “

298 1062 399 1114 minum
419 1080 529 1128 nomene
548 1080 618 1133 quse
632 1061 785 1116 fluminnfl-
836 1079 898 1130 ergo
913 1061 942 1116 in
961 1077 1049 1118 umore
1066 1074 1107 1118 est
1122 1063 1247 1120 inebosre
1260 1103 1269 1126 .
1283 1085 1327 1121 se·

300 1165 390 1216 guranr
402 1148 788 1222 enbellihabentproptereur·
837 1150 953 1204 eundum
967 1151 1091 1223 explere,
1108 1153 1217 1206 tertium
1227 1155 1327 1210 deeri-

300 1255 345 1292 sus
361 1237 535 1294 velocitetem·
551 1237 594 1293 Ab
606 1239 697 1293 eodem
714 1239 786 1313 ‘W'
834 1240 906 1294 mine
924 1249 1031 1313 perroto
1048 1241 1186 1312 paenitere
1199 1275 1208 1294 ι
1222 1244 1258 1297 Et
1276 1261 1327 1315 po·

298 1329 379 1382 etiem
397 1345 507 1400 pagus.
533 1328 599 1398 quie
616 1328 695 1383 rillse
716 1348 786 1384 non·
836 1339 888 1382 teet
905 1327 1020 1398 quisque
1036 1345 1084 1382 seu
1102 1339 1262 1399 persetutes
1281 1331 1327 1384 di·
1412 1325 1416 1336 '

298 1415 353 1470 nisi
371 1431 441 1468 erres
460 1432 543 1484 equus
554 1414 662 1469 lunderi
674 1433 786 1470 consue-
836 1422 985 1488 stinguere.
1003 1415 1088 1470 seuin
1102 1415 1328 1486 quolibeteoneu·

300 1503 418 1568 verint3
440 1503 559 1558 undeet
579 1519 676 1574 pagens
697 1505 786 1560 receti
834 1509 895 1567 hitn
915 1518 1050 1566 snnotsre·
1059 1509 1139 1580 Quod
1156 1521 1246 1566 sotem
1265 1509 1327 1565 Chi·

300 1601 383 1650 snnt.
401 1591 478 1660 quasi
491 1607 525 1646 ex
537 1609 590 1646 uno
602 1591 675 1646 lente
688 1601 787 1664 poten-
836 1618 924 1654 meere
940 1615 1055 1656 enuern
1072 1598 1193 1668 designet
1208 1635 1217 1658 ,
1237 1597 1329 1652 innuit

301 1689 341 1732 ⁸⁶³
353 1712 364 1731 ·
836 1689 962 1742 Horatius
975 1687 1011 1742 ed
1021 1685 1253 1740 mutendieen's
1267 1689 1330 1740 svin

317 1764 344 1822 5.
362 1765 505 1836 Quisrero
518 1767 551 1821 de
564 1765 704 1822 Chimeere
718 1786 786 1822 rnen·
835 1775 979 1848 illigatum
1003 1783 1031 1827 te
1059 1773 1179 1844 trisom'
1202 1775 1328 1845 Pegasus

302 1857 342 1912 tio
360 1856 475 1916 incidit.
493 1857 527 1910 de
541 1875 573 1911 es
592 1857 695 1931 aliquid
710 1858 787 1912 dice·
835 1859 964 1933 etpedr'et
986 1859 1146 1912 Chimaera·
1162 1858 1268 1913 Servius
1286 1869 1331 1912 te-

302 1964 370 2000 rnus·
381 1945 521 2002 Trilurrnis
530 1947 651 2018 pingitur
664 1981 673 2006 2
685 1947 786 2002 babens
837 1967 898 2002 rnen
916 1946 967 2001 boe
986 1945 1021 1998 ed
1038 1945 1180 2000 historiam
1199 1953 1309 2014 torquet
1320 1977 1331 1996 .

301 2033 425 2088 videlieet
442 2044 523 2106 ceput
544 2033 679 2090 leoninum
693 2070 701 2093 .
722 2051 789 2090 ven·
837 2034 938 2089 llerere
951 2031 1042 2103 inquit
1056 2031 1279 2086 Chimaeremons
1289 2029 1332 2084 Ci-

302 2129 370 2174 trem
386 2136 523 2191 enprrnurn
538 2155 546 2178 .
563 2119 675 2172 eundern
686 2137 790 2191 serpen·
838 2120 917 2174 lieiee
934 2127 994 2176 est,
1012 2118 1089 2172 euius
1102 2118 1185 2172 bodie
1197 2117 1273 2170 ardet
1285 2133 1333 2170 ee-

301 2205 386 2261 tinar'n
395 2227 406 2272 3
425 2207 489 2278 quia
502 2207 533 2260 in
548 2221 636 2260 more
654 2217 707 2260 tres
725 2207 789 2263 item
840 2223 951 2260 eumen:
972 2205 1049 2258 iuxta
1067 2221 1193 2258 eteunren
1204 2221 1268 2258 tero
1282 2203 1333 2260 leo

301 2294 398 2361 gradus
417 2304 502 2352 eunt.
520 2293 609 2346 idest
628 2293 705 2346 iuxts
722 2293 790 2349 Ful-
839 2310 887 2349 nes
899 2289 1054 2346 mansitant·
1067 2291 1259 2346 ldediseutem
1272 2307 1330 2362 pes·

302 2383 422 2450 gentium
440 2382 578 2452 incipere,
595 2383 739 2453 perficere.
755 2386 790 2439 li·
842 2398 892 2435 eus
907 2390 989 2438 sunt·
1007 2381 1063 2434 lnrn
1085 2397 1148 2434 tero
1166 2377 1335 2452 torpentibus

304 2468 374 2522 nire.
390 2469 494 2523 Primus
509 2471 579 2523 enirn
596 2488 668 2525 umor
683 2471 713 2526 in
731 2471 792 2526 udo·
842 2477 906 2523 eunt
916 2466 1005 2539 plenu.
1016 2465 1093 2520 Hunc
1108 2477 1225 2522 monum
1242 2466 1328 2520 Belle·

307 2554 437 2610 lescentia
453 2573 501 2610 nos
520 2556 641 2612 ferociter
658 2558 765 2614 inrsdit
784 2596 792 2619 .
843 2555 946 2628 sophon
962 2553 1140 2611 habitabilem
1159 2555 1244 2622 lenite
1263 2555 1336 2609 unde

304 2651 335 2694 nt
354 2641 406 2696 leo.
422 2642 525 2698 Deinde
541 2641 716 2714 subsequitur
728 2643 793 2698 libi-
846 2641 1336 2698 Chimseremdicituroeeidissellene

306 2726 379 2782 dinis
391 2727 526 2801 expletio.
545 2748 614 2801 quae
626 2747 674 2802 per
688 2749 794 2803 enprenr
846 2732 912 2788 setis
931 2742 1022 2804 operte
1037 2731 1085 2785 red
1100 2729 1220 2788 irbulese
1232 2729 1335 2786 doeri-

305 2817 479 2884 designslur.
498 2819 563 2888 quie
580 2818 632 2872 boe
650 2820 748 2874 animal
767 2823 795 2878 in
845 2819 890 2877 bit
906 2821 1021 2877 Ovidius
1035 2820 1139 2874 dieensr

303 2901 422 2956 libidine
441 2905 663 2978 promptissimum
679 2907 724 2963 sit·
738 2910 796 2964 lin·
920 2909 1033 2979 Quoque
1044 2907 1184 2962 Chimaera
1194 2907 1256 2977 ingo
1269 2921 1336 2966 ,sne

314 2990 348 3044 de
372 3001 400 3044 et
423 2994 509 3062 satyri
535 2995 651 3066 cuprinis
673 2998 797 3054 cornibus
956 2997 1009 3052 diis
1028 2996 1057 3051 in
1073 2995 1196 3068 pertibus
1216 2996 1321 3066 ignem,

307 3077 477 3148 pinguntur,
495 3081 561 3151 quie
577 3100 721 3154 nunquam
737 3085 799 3138 libi·
883 3107 886 3112 ·
922 3087 1056 3140 Pectuset
1072 3102 1119 3140 ore
1132 3085 1188 3138 lese
1202 3118 1210 3142 .
1225 3083 1337 3140 cauden

304 3163 413 3221 dinibus
431 3179 594 3224 situentur.
610 3171 641 3223 ln
659 3171 798 3242 postremis
957 3171 1089 3245 serpentis
1112 3169 1231 3230 babebat

306 3253 427 3326 portibus
456 3257 607 3314 εἰηωιιίηι,
625 3270 693 3318 est.
731 3260 796 3330 quis

767 3517 870 3571 rutis.
