3638 5332
503 612 568 684 368
839 633 1092 688 renunculum
1117 640 1155 687 rr.

473 787 532 842 eius
549 783 604 840 filio
627 783 746 838 Pellantc
769 799 786 834 a
804 782 960 862 Turnoin-
1011 795 1097 843 esset,
1115 787 1230 840 narina
1249 787 1276 842 ci
1298 791 1446 845 constituta
1464 801 1505 846 est

473 877 609 932 teriectn.
632 885 659 928 et
682 873 737 926 illic
761 873 882 946 sepulte·
906 871 959 926 Ubi
1009 889 1092 930 cra.
1119 891 1201 943 quarn
1227 874 1334 928 Herculi
1361 875 1503 948 delphicus

474 965 537 1019 dnns
558 961 725 1034 aliquamdiu
743 972 861 1016 noratur
880 997 887 1020 .
907 959 959 1015 bo-
1010 959 1144 1031 Apclioin
1160 963 1241 1016 ltalia
1256 964 1312 1018 lore
1324 965 1502 1035 praedixerat·

474 1071 572 1124 resque
589 1069 656 1122 quos
674 1049 761 1104 occiso
771 1051 895 1118 Geryone
912 1046 958 1099 ab·
1011 1047 1079 1102 Cum
1087 1066 1149 1118 erge
1164 1049 1198 1104 de
1210 1068 1258 1105 sue
1273 1063 1391 1108 armento
1407 1053 1441 1104 ad
1454 1071 1502 1106 sua

470 1144 583 1198 stulcrat
598 1150 718 1212 pasceret
736 1176 743 1197 ,
763 1139 849 1192 Cacus
867 1153 957 1193 sersus
1008 1135 1141 1190 sacrificia
1152 1136 1269 1192 dedisset
1276 1140 1415 1211 quaedam
1428 1145 1502 1212 espi-

470 1230 587 1286 Evsndri
602 1228 656 1283 libi
678 1227 783 1298 sliquos
801 1226 940 1280 iurabatur
945 1246 955 1291 ς
1009 1227 1169 1279 maurenti
1179 1227 1226 1297 (n)
1235 1237 1298 1281 sunt
1308 1226 1362 1280 duo
1373 1243 1448 1280 senes
1461 1228 1504 1280 Pi·

471 1338 539 1392 qnos
555 1319 636 1373 etiass
652 1317 735 1371 rcrsis
748 1315 870 1384 vestigiis
891 1332 956 1368 cau·
1008 1314 1100 1368 narius
1117 1325 1145 1369 et
1161 1317 1296 1374 Potitius,
1315 1315 1415 1387 quilius
1431 1335 1502 1389 qua·
1608 1335 1615 1344 ’

471 1409 506 1461 da
524 1406 560 1459 ad
579 1404 729 1476 speluncam
746 1403 893 1458 traxit.ne
906 1402 958 1454 ali·
1008 1399 1070 1454 liter
1085 1419 1113 1455 se
1123 1404 1174 1457 coli
1192 1404 1292 1462 vellet.
1306 1401 1440 1459 ostendit:
1452 1405 1503 1459 sci·

469 1510 524 1564 qna
536 1490 649 1558 vestigia
664 1500 835 1560 quaerentem
846 1490 881 1541 ad
895 1507 957 1560 spe-
1008 1487 1073 1542 licet
1086 1501 1118 1544 nt
1135 1509 1213 1545 mene
1227 1502 1255 1546 et
1273 1509 1383 1563 vespere
1401 1493 1501 1546 sacrifi·

469 1579 573 1634 luneans
603 1577 727 1632 ierrent.
753 1577 825 1646 Quos
853 1575 955 1629 iamdiu
1009 1587 1123 1630 caretur·
1137 1575 1256 1632 Perfecto
1277 1577 1371 1648 itaque
1387 1579 1501 1633 matuti-

467 1670 604 1742 qnacsitos
627 1684 689 1720 curn
706 1665 830 1720 Hercules
849 1664 955 1734 mugitu
1008 1681 1043 1717 nn
1060 1663 1191 1718 sacrificio
1205 1682 1282 1722 ‚curn
1293 1665 1364 1718 circa
1378 1665 1443 1720 solis
1454 1683 1502 1720 oc-

467 1759 548 1812 unius
559 1756 637 1811 boris
650 1754 779 1826 prodente
794 1753 955 1812 invenisset,
1007 1769 1096 1806 casum
1114 1763 1202 1806 essem
1222 1771 1300 1807 secra
1328 1754 1502 1826 repetenda.

467 1845 567 1900 Cacum
580 1844 614 1899 de
634 1843 759 1915 spelunca
775 1853 906 1898 tractum.
925 1853 952 1896 et
1006 1841 1123 1896 Potitius
1141 1842 1214 1913 prior
1228 1843 1359 1902 advenit.
1378 1845 1501 1898 Pinarius

465 1931 580 1986 iunctus
612 1940 778 1986 monentem
809 1929 952 1998 caliginera
1004 1941 1098 2000 postes
1116 1931 1185 1985 extis
1210 1933 1263 1986 iana
1278 1933 1391 1988 redditis
1406 1953 1412 1986 :
1428 1934 1500 1988 unde

418 2053 420 2058 ·
466 2021 575 2080 occidit.
588 2019 696 2074 Dicitur
713 2031 804 2073 autern
822 2020 882 2074 ideo
897 2021 952 2074 Cs-
1004 2017 1089 2070 iratus
1109 2017 1233 2074 llercules
1249 2019 1349 2074 statuit
1367 2030 1399 2074 ut
1418 2021 1497 2074 Pina·

465 2130 512 2166 cus
536 2109 606 2165 filins
628 2108 710 2163 inisse
736 2109 852 2162 Vulcani
874 2145 883 2166 .
905 2127 952 2164 erc
1004 2106 1105 2160 ricruns
1126 2106 1229 2160 iamilia
1248 2121 1354 2164 tanturn
1371 2109 1497 2164 ministre

465 2203 552 2270 ignem
565 2210 594 2253 et
611 2196 712 2250 iurnurn
727 2213 850 2252 erorneru
865 2233 873 2256 .
887 2199 953 2268 qnia
1005 2204 1074 2246 esset
1085 2193 1257 2264 epulantibus
1267 2197 1377 2252 Potitiis
1388 2209 1416 2252 et
1426 2214 1495 2252 cona·

463 2285 551 2342 omnia
572 2285 661 2340 vicina
685 2285 746 2354 igne
764 2283 953 2358 populabatur.
1007 2281 1143 2356 plentibus
1163 2301 1249 2338 sacra.

462 2371 573 2426 Veritas
590 2383 678 2426 tumen
691 2372 773 2425 habet
786 2408 792 2428 .
805 2373 876 2425 hunc
891 2372 955 2426 luis·

464 2479 493 2516 se
517 2462 637 2518 Evandri
668 2460 862 2531 nequissimum
896 2479 954 2516 ser·
1075 2464 1109 2516 P.
1124 2459 1181 2529 ι54·
1196 2464 1235 2517 ue
1250 2461 1370 2519 Admeto·
1384 2461 1425 2537 (ὅ)

461 2567 534 2602 rain·
542 2549 670 2602 Novimus
680 2548 751 2602 enirn
759 2550 835 2604 accde
845 2565 862 2600 a
873 2549 954 2602 Grac·

461 2637 500 2692 cis
520 2637 618 2690 malurn
640 2635 717 2689 dici.
742 2637 831 2706 Ignem
863 2650 952 2693 autern

462 2726 551 2780 dietus
572 2735 613 2779 etl
628 2741 734 2780 vomere
754 2763 762 2784 ,
780 2727 854 2796 quod
875 2744 951 2794 agros
1007 2671 1166 2788 Admetus
1199 2709 1245 2788 rer
1271 2735 1398 2789 Graeciae
1422 2735 1495 2798 Alpe.

462 2811 523 2880 igne
543 2808 741 2884 populabatur.
757 2813 844 2882 Igitur
863 2814 949 2867 omnis
1003 2831 1073 2873 stans
1093 2821 1120 2874 in
1139 2823 1264 2890 coningio
1288 2821 1369 2892 petiit
1389 2859 1396 2880 .
1416 2823 1494 2876 cuius

458 2901 564 2956 malitia
582 2899 682 2954 lunium
701 2913 806 2957 eructat
823 2920 854 2956 eo
876 2903 949 2973 quod
1001 2919 1077 2978 pater
1103 2909 1221 2962 edictum
1244 2917 1441 2981 proposuerat.
1461 2919 1492 2960 ut

458 2992 592 3046 contraria
607 2992 644 3046 sit
661 2991 789 3047 veritati.
807 2993 885 3048 Hunc
903 3011 948 3050 sn-
1001 2998 1103 3070 siquis
1121 2997 1189 3052 duas
1213 2997 1283 3051 ieras
1299 2996 1353 3051 sibi
1374 2996 1494 3070 dispares

457 3097 502 3134 ror
521 3097 572 3134 sua
585 3079 703 3134 eiusdem
717 3081 834 3137 neminis
853 3084 948 3154 prodi·
999 3105 1048 3141 sno
1058 3086 1150 3139 currui
1163 3086 1283 3154 iungeret
1293 3122 1301 3144 .
1313 3084 1385 3139 illam
1396 3085 1493 3140 incon·

456 3165 521 3221 dits
537 3167 609 3221 unde
626 3169 752 3224 sacellum
772 3171 870 3224 meruit
891 3206 898 3228 .
917 3175 947 3225 in
1000 3175 1072 3244 iugis
1096 3175 1237 3248 acciperet·
1257 3174 1387 3229 Admetus
1413 3173 1503 3246 Apol-¹

457 3273 511 3326 qun
530 3255 556 3310 ei
574 3273 620 3329 per
637 3256 754 3326 virgines
777 3257 876 3314 Vestae
900 3277 945 3314 sa·
997 3261 1080 3316 linem
1097 3271 1126 3315 et
1151 3261 1290 3315 llcrculens
1315 3262 1344 3314 in
1362 3261 1493 3314 auxilium

456 3345 634 3401 crilicabatnr·
653 3347 721 3402 Gurn
740 3357 828 3402 autern
847 3348 945 3402 llercn·
997 3350 1101 3424 petiit,
1120 3349 1169 3421 qui
1188 3352 1213 3403 ci
1225 3350 1259 3403 ad
1273 3367 1378 3404 currum
1389 3351 1489 3405 ieoncsn

455 3431 494 3486 les
508 3442 593 3487 morte
606 3433 671 3487 Caci
689 3433 819 3490 virtutem
833 3433 945 3507 probas·
998 3447 1027 3492 et
1035 3455 1128 3511 apruna
1139 3439 1291 3492 iunxerunt.
1298 3439 1340 3491 lta
1349 3438 1488 3492 Alcestans

454 3531 508 3580 set.
517 3539 551 3575 ec
557 3541 610 3594 pre
622 3525 736 3575 numine
746 3537 892 3596 susceptus
903 3524 943 3598 (r)
1000 3526 1029 3582 in
1042 3524 1196 3594 coniugium
1207 3525 1320 3597 aceepit.
1331 3525 1452 3596 Cumque
1462 3527 1491 3578 in

498 3743 538 3811 (s)
556 3747 591 3791 sic
616 3745 700 3806 ssplss
719 3761 747 3791 ex
771 3747 849 3808 slyen.
866 3751 889 3792 l.
906 3745 945 3806 69·
1042 3741 1084 3810 (s)
1101 3751 1188 3792 llursns
1210 3747 1233 3790 in
1255 3745 1306 3790 esd·
1323 3747 1426 3805 spatium
1447 3757 1500 3795 ,ιιι

450 3829 507 3870 itan
520 3827 542 3867 ia
557 3823 635 3870 codice
643 3823 784 3884 relinquitur
793 3827 910 3885 spatium,
922 3828 946 3872 ld
997 3839 1076 3884 snpra·

450 3909 487 3946 sst
497 3899 590 3953 laenas,
603 3903 658 3960 quis
668 3903 813 3948 amanuensis
824 3911 945 3949 vetustum
1042 3899 1082 3966 (3)
1101 3903 1190 3949 Ceasar.
1200 3903 1277 3963 Uytls.
1289 3913 1359 3960 1.9s.

448 3975 569 4040 exemplar
587 3976 664 4038 lsflsrs
686 3979 803 4037 nequivit·
