3638 5332
532 641 596 712 ³50

681 810 732 924 C
755 823 800 922 A
821 814 860 928 S
882 815 920 930 S
941 815 969 932 1
989 813 1044 930 O
1065 815 1119 928 D
1138 813 1193 930 O
1214 819 1266 932 R
1286 819 1362 933 ΙΙ

615 1005 916 1094 clausum
944 1005 1186 1090 memrot
1216 1005 1417 1094 opums

525 1175 569 1226 nu
593 1171 736 1226 merrus
759 1170 802 1222 tc
825 1173 1027 1222 nucrrmurs
1050 1171 1265 1222 truentum:
1289 1177 1515 1232 mrrrmrruu

757 1281 820 1348 EX
843 1281 1010 1351 CODICE
1032 1280 1285 1354 VATICANO.

552 1572 584 1622 r.
616 1437 704 1629 N
707 1537 798 1623 obis
815 1559 955 1622 autem
973 1537 1126 1623 sufficit
1142 1559 1350 1656 quantum
1368 1541 1411 1621 in
1428 1542 1556 1654 scrip-

488 1655 589 1740 turis
618 1653 742 1738 sacris
763 1649 946 1768 legitur,
976 1671 1141 1736 tantum
1163 1651 1216 1736 de
1245 1651 1321 1736 hac
1342 1674 1459 1766 parte
1488 1651 1552 1771 (1)

489 1767 664 1854 sentire:
704 1763 803 1883 quia
843 1766 968 1852 nimis
997 1763 1226 1851 absurdum
1255 1789 1317 1852 est
1351 1767 1448 1850 hinc
1477 1767 1553 1850 hu·

488 1911 653 1965 menam
696 1878 820 2075 sequi
858 1879 1148 1982 sententiam,
1185 1881 1299 1964 unde
1345 1903 1553 1998 quantum

487 1995 607 2080 nobis
637 2023 743 2107 expe
776 1990 810 2074 it
839 1992 1026 2077 divinam
1056 1995 1265 2080 noscimus
1285 1993 1437 2080 habere
1459 1993 1555 2078 doc-

487 2109 650 2196 trinam·
676 2107 691 2220 Η
749 2124 892 2178 Hactenus
910 2123 1009 2180 editio.

546 2255 585 2307 w2.
602 2221 677 2308 His
693 2221 822 2336 igitur
842 2220 1025 2306 breviter
1041 2218 1094 2303 de
1111 2219 1309 2306 doctrinis
1326 2221 1553 2306 saeculari-

486 2337 566 2422 bus
591 2335 928 2468 comprehensis,
956 2333 1190 2419 ostenditur
1218 2333 1336 2452 quod
1358 2369 1442 2419 non
1462 2365 1552 2450 par·

487 2483 583 2538 vam
612 2449 836 2533 utilitatem
865 2445 918 2532 ad
946 2447 1272 2562 intellegentiam
1301 2447 1467 2534 divinae
1497 2449 1553 2533 le-

514 2567 547 2650 is
577 2565 720 2646 afferre
750 2585 996 2664 noscuntur;
1026 2561 1133 2646 sicut
1161 2563 1287 2646 etiam
1318 2595 1340 2646 a
1379 2561 1553 2678 quibus·

487 2597 584 2764 dam
613 2675 764 2761 sanctis
794 2675 983 2788 patribus
1013 2673 1232 2758 indicatur.
1267 2673 1555 2761 Promissioni·

486 2793 565 2876 hus
595 2819 692 2902 ergo
724 2789 898 2884 nostris,
928 2810 978 2872 ut
998 2789 1173 2902 opinor,
1197 2819 1276 2902 ¹pro
1300 2788 1472 2874 modulo
1493 2790 1552 2873 in-

511 2905 622 3005 enii‚
650 2903 837 2988 Domino
868 2921 1103 3016 praestante
1134 2903 1378 3015 completis,
1407 2904 1553 2988 consi-

486 2936 680 3102 deremus
709 3014 814 3100 ordo
845 3017 922 3102 iste
963 3015 1277 3128 disciplinarum
1317 3047 1391 3102 cur
1428 3015 1553 3102 fuerit

487 3159 622 3252 usque
653 3127 706 3213 ad
736 3149 843 3215 astra
864 3127 1090 3246 perductus
1113 3127 1199 3247 (2):
1221 3130 1380 3216 scilicet
1400 3153 1447 3214 ut
1469 3131 1553 3213 ani-

487 3276 577 3336 mos
609 3241 675 3328 vel
702 3244 904 3332 saeculari
933 3242 1160 3356 sapientiae
1189 3242 1379 3346 deditos,
1418 3245 1553 3332 disci-

487 3359 697 3474 plinarum
726 3358 1019 3443 exercitatione
1049 3353 1308 3461 defaecatos,
1335 3387 1358 3440 a
1382 3359 1552 3443 terrenis

487 3472 610 3556 rebus
642 3468 894 3575 abduceret,
923 3493 965 3556 et
995 3473 1038 3556 in
1068 3501 1248 3586 superna
1270 3469 1426 3557 fabrica
1455 3471 1554 3556 lau-

359 3581 363 3599 ’
490 3585 687 3668 debiliter
702 3585 938 3670 collocaret.

545 3697 585 3782 3.
617 3696 701 3782 Sed
729 3695 923 3788 nonnulli
951 3697 1137 3784 siderum
1166 3696 1478 3812 pulchritudine
1512 3717 1554 3780 et

594 3859 635 3930 (ι)
654 3857 761 3912 Scilicet
779 3857 813 3912 dc
831 3859 1001 3912 astronomia.

593 3947 633 4020 (a)
653 3947 696 3998 Sic
713 3945 834 4018 loquitur
853 3960 962 4006 auctor.
989 3947 1055 4018 quie
1082 3961 1242 4020 postremum
1262 3949 1348 4022 operis
1372 3947 1519 4020 capitulum

523 4043 563 4088 tut
582 4034 616 4088 de
633 4035 803 4090 astronomia.
