3546 5330
645 687 906 738 nosset.
1181 661 1316 766 437]
1436 683 1440 694 “

319 841 450 946 quibus
477 845 687 916 salsamenta
718 844 958 931 conduntur,
996 868 1087 947 quas
1118 843 1287 922 tabernas

318 968 423 1062 vulgo
451 969 608 1039 cetarias
631 979 767 1039 uocant.

267 1083 407 1172 Batos,
432 1081 569 1160 herbae
590 1109 713 1182 genus.

266 1204 429 1293 Bascas,
454 1210 697 1281 calciamenta.

265 1321 415 1421 Buiga,
440 1349 567 1398 saccus
590 1349 729 1408 careus.

264 1442 426 1531 Bibino,
450 1459 660 1531 mensumn,
680 1445 771 1516 idest
781 1443 900 1546 fluvio
925 1451 1116 1544 sartguinis

265 1564 440 1652 Bubum,
465 1570 626 1652 senium,
650 1569 872 1662 languorem.
892 1567 912 1611 *³
1426 1609 1466 1666 ,ι’

265 1685 415 1758 Burrae
437 1693 621 1760 vatreniae
629 1685 809 1786 Mfautae
830 1713 854 1758 a
872 1685 1180 1789 stupideafabula
1200 1713 1286 1791 qua·
1315 1618 1362 1712 ’.τ’
1347 1622 1436 1728 πω
1436 1687 1470 1722 m·

315 1807 398 1878 dom
430 1807 605 1882 Vatronis
631 1811 819 1893 auctoris,
846 1832 957 1908 quam
980 1808 1149 1882 Burro
1133 1815 1285 1912 inscrip-

315 1929 381 2026 sit:
411 1928 465 1998 vel
485 1952 509 1997 a
534 1929 727 1998 meretrice
754 1924 893 1998 Burra.

264 2025 457 2132 Babdum,
483 2042 673 2131 hebetem,
694 2044 884 2129 stolidum,
908 2042 1129 2121 bretenslum.

266 2164 408 2238 Bellica
427 2220 443 2251 ,
477 2167 643 2239 columna
674 2179 758 2238 ante
791 2164 916 2237 aedem
947 2164 1122 2238 Bellonae
1139 2223 1155 2252 ,
1187 2193 1283 2270 quae

316 2279 461 2383 Pyrrhi
478 2279 701 2384 temporibus
719 2287 910 2356 constituta
923 2282 1079 2370 dicitur,
1094 2299 1134 2356 ut
1149 2311 1286 2359 exeun-

311 2416 364 2474 tes
392 2401 443 2475 ad
466 2400 598 2473 bellum
625 2404 899 2502 superiacercnt
921 2427 1001 2473 eam
1025 2399 1151 2490 haste,
1176 2408 1284 2480 ueluti

311 2533 503 2622 compecto
529 2518 629 2592 hoste
656 2524 772 2592 issem.

262 2637 500 2724 Bombinari,
526 2635 756 2723 combicare,
775 2640 943 2712 clamare.

258 2756 355 2830 Boni
380 2760 604 2845 consultum,
630 2755 720 2830 bene
746 2771 947 2860 acceptum.

259 2878 424 2978 Byssus,
445 2881 591 2974 generis
617 2891 670 2950 est
684 2877 868 2979 feminini.

263 2993 476 3096 Babylona,
486 2998 693 3097 principale
709 2999 858 3068 civitatis
870 3020 998 3070 nonwn
1011 3013 1083 3082 est,
1098 3013 1139 3072 ui
1156 2999 1278 3076 Troia.

264 3115 469 3217 Babylonia
499 3140 583 3191 vero
615 3113 847 3189 derivativum
864 3171 881 3201 ‚
913 3129 954 3187 ut
978 3121 1010 3188 si
1037 3117 1138 3192 dicas
1160 3145 1249 3217 gens
1264 3179 1280 3208 ,

314 3249 378 3308 aut
404 3239 547 3336 aliquas
575 3236 713 3334 species
730 3287 748 3319 ,
780 3246 821 3304 ut
855 3231 969 3306 Troia
994 3240 1145 3310 troiana.
1179 3237 1281 3313 Nam

313 3369 348 3428 et
368 3355 619 3457 Babylonem,
645 3367 680 3425 et
706 3350 934 3454 Babylonem
958 3354 1117 3429 dicimus.

261 3473 507 3548 Benivolentia
533 3486 569 3546 et
594 3474 833 3544 malivolentia
846 3528 863 3556 ,
883 3497 955 3574 per
985 3477 1018 3543 ·i·
1047 3499 1119 3546 non
1142 3500 1215 3576 per
1240 3501 1279 3548 ·e·

313 3594 480 3680 dicitur;
510 3590 690 3694 quomodo
716 3586 889 3686 benignus
913 3603 948 3662 et
971 3595 1148 3687 malignus
1162 3648 1178 3678 ,
1207 3618 1278 3664 uon

313 3710 503 3808 benegnus.
526 3708 648 3811 Saepe
666 3712 760 3780 enim
779 3733 831 3780 ex
849 3705 989 3780 duabus
1000 3707 1168 3811 partibus
1186 3735 1279 3784 com

307 3837 464 3934 positum
483 3855 612 3904 nomen
628 3843 691 3900 am
703 3833 868 3930 priorem
889 3842 953 3900 aui
968 3843 1172 3932 sequentem
1189 3834 1278 3904 litte·

309 3977 390 4026 ram
408 3953 620 4051 corrumpit.
641 3947 733 4020 Ideo
754 3944 1022 4021 beniuolentiam
1037 3950 1187 4024 dicimus
1202 3977 1275 4024 non

309 4070 612 4153 benerolemiam,
637 4067 738 4170 quod
754 4094 914 4147 crassum
938 4069 1108 4172 quiddam
1129 4085 1241 4144 sonat.

1322 1537 1427 1662 :Colch
1443 1546 1468 1595 3.
