3634 5336
537 663 618 762 ’404
869 684 957 738 omrs
976 689 1160 740 nrmnrrro

508 831 585 923 tum
611 863 646 920 et
672 847 918 948 eloquentium.
941 845 1048 942 Quod
1076 847 1106 919 si
1132 873 1195 946 per
1220 845 1358 943 singula
1382 845 1529 945 probare

509 965 682 1054 volueris,
702 964 856 1038 invenies
882 991 1002 1038 omnes
1027 963 1160 1038 iudices
1179 979 1214 1036 et
1232 979 1423 1063 potestates.

564 1084 611 1157 32
642 1079 809 1183 Sequitur
829 1080 980 1172 Tuscia,
999 1110 1088 1182 quae
1108 1082 1200 1155 inter
1220 1081 1336 1154 omnia
1354 1083 1446 1155 bona
1465 1082 1533 1154 fcr-

509 1200 696 1300 tur,quod
717 1229 758 1274 ex
778 1229 818 1274 ea
837 1200 1034 1300 haruspices
1053 1200 1206 1299 primum
1230 1199 1443 1299 prodierunt.
1468 1197 1533 1272 Se·

510 1319 631 1420 quitur
652 1315 813 1419 Aquileia
833 1335 869 1392 et
887 1317 1132 1392 Mediolanum
1154 1319 1224 1418 (a),
1250 1317 1401 1391 civitates
1421 1317 1534 1417 splen-

509 1438 609 1512 didae
636 1454 671 1511 et
696 1437 827 1512 divites
843 1465 958 1537 opum.

564 1556 612 1630 33
640 1552 726 1629 Post
751 1553 887 1628 ltaliam
911 1555 1086 1655 superiora
1112 1571 1313 1644 currentes,
1332 1582 1417 1655 quas
1436 1583 1533 1655 prae-

509 1674 718 1750 termisimus
755 1675 946 1774 provincias
972 1701 1203 1750 memoremus
1232 1732 1242 1765 ,
1269 1676 1442 1750 Moesiam
1467 1675 1533 1749 sci·

508 1795 591 1870 licet
616 1813 651 1870 et
676 1793 822 1870 Daciam
847 1797 1072 1896 provincias,
1099 1796 1163 1868 sibi
1189 1796 1330 1896 quidem
1356 1796 1531 1870 sufficien-

507 1933 559 1990 tes
582 1973 594 2005 ‚
619 1916 746 2016 frigora
771 1931 888 1991 autem
912 1945 1037 2014 magna
1061 1917 1226 1989 habentes
1258 1973 1267 2004 ‚
1301 1943 1449 2016 quarum
1481 1932 1535 1988 est

507 2035 658 2136 Nayssos
685 2037 800 2111 civitas
826 2036 999 2136 opulenta.
1021 2032 1160 2108 Deinde
1187 2033 1390 2109 Pannoniae
1410 2016 1529 2132 regio,¹

507 2172 599 2230 terra
624 2155 717 2230 dives
742 2156 781 2228 iu
808 2155 967 2229 omnibus
993 2181 1067 2226 non
1093 2152 1204 2228 solum
1231 2153 1401 2227 fructibus
1421 2170 1456 2227 et
1474 2153 1527 2225 iu-

513 2276 638 2348 mentis
663 2333 672 2364 ,
699 2275 759 2348 sed
779 2292 814 2348 et
833 2273 978 2371 negotiis
998 2291 1033 2374 et
1052 2273 1232 2373 mancipiis
1256 2331 1265 2363 ‚
1293 2273 1331 2346 in
1358 2301 1426 2374 qua
1445 2299 1532 2346 sem·

512 2421 575 2493 per
610 2393 857 2492 imperatorum
889 2409 941 2465 est
974 2392 1136 2465 hahitatio
1174 2391 1383 2466 delectabilis
1424 2452 1431 2468 .
1469 2393 1537 2466 Ha·

511 2514 572 2586 bet
591 2529 708 2586 autem
734 2513 897 2586 merirum
917 2511 1068 2586 civitates
1090 2511 1259 2584 Sinnium
1278 2528 1313 2584 et
1333 2511 1504 2586 Noricum
1524 2571 1534 2600 ‚

403 2696 404 2700 ,
509 2630 605 2706 unde
632 2645 666 2702 et
690 2629 791 2702 vestis
817 2628 936 2702 norica
962 2629 1054 2703 exire
1086 2629 1242 2704 dicitur.
1271 2628 1366 2702 Haec
1393 2629 1533 2704 Panno

448 2747 450 2754 ’
510 2750 588 2822 niue
614 2748 717 2846 regio.
741 2747 841 2842 Quae
867 2749 1001 2824 adiacet
1026 2768 1120 2824 trans
1146 2751 1280 2825 flumen
1299 2749 1533 2840 Danubium,

511 2895 595 2964 gens
620 2867 846 2941 barbarorum
872 2885 908 2942 et
935 2867 1135 2944 Sarmatum
1157 2872 1218 2972 (b).

565 2989 616 3082 34
642 2985 727 3059 Post
753 2985 972 3062 Pannoniam
1000 2987 1191 3064 Galliarum
1216 2991 1420 3089 provincia,
1445 3016 1533 3089 quae

510 3107 658 3180 maxima
684 3123 734 3180 est
757 3165 767 3198 ‚
794 3124 829 3181 et
854 3125 993 3209 propter
1027 3110 1269 3208 imperatorem
1301 3137 1371 3210 quo
1398 3135 1532 3207 semper

509 3242 608 3324 eget,
628 3226 665 3302 in
692 3228 915 3304 multitudine
942 3229 1103 3304 omnibus
1127 3229 1228 3303 bonis
1247 3229 1448 3318 habundat,
1468 3229 1530 3302 scd

508 3347 649 3446 plurimi
674 3349 775 3447 pretii
789 3349 909 3426 :ouius
935 3349 1082 3422 maxima
1108 3349 1225 3424 civitas
1251 3347 1386 3422 Treviri
1407 3351 1456 3450 (c)
1477 3349 1529 3422 di-

511 3464 602 3540 citur
633 3521 643 3553 ‚
670 3465 708 3537 in
739 3493 808 3565 qua
838 3465 999 3539 (lominus
1031 3465 1141 3562 gentis
1172 3465 1339 3539 inhabitat
1369 3468 1420 3568 (1)
1445 3497 1455 3543 t
1480 3481 1531 3538 est

516 3643 782 3713 (a)cod.dledtolanus·
793 3644 835 3708 (h)
848 3655 883 3693 lte
895 3657 993 3711 uterque
1006 3651 1097 3710 compro
1108 3647 1288 3696 Sar-naamam·
1298 3647 1334 3711 (e)
1346 3647 1533 3712 comt'yterm.

592 3789 640 3858 (1)
661 3789 815 3842 Ammianus
836 3791 917 3842 Marc.
932 3789 980 3841 lib.
992 3791 1054 3842 XV.
1068 3807 1109 3843 rr·
1120 3791 1187 3844 dicit
1207 3795 1333 3844 Treviros
1352 3793 1521 3845 domicilium

516 3878 672 3946 principum
693 3879 809 3928 clarum·
830 3879 935 3928 Praeter
955 3879 1087 3947 principes
1112 3879 1269 3932 vetustiores
1286 3915 1292 3936 ,
1311 3883 1518 3934 Constantinum

520 3981 625 4033 quoquc
635 3967 804 4018 Constantini
819 3966 906 4032 magni
926 3966 1010 4016 tilium
1023 4001 1029 4022 .
1041 3965 1201 4038 fratremque
1211 3969 1269 4023 cius
1280 3969 1469 4029 Constantem.
1481 3969 1521 4024 ibi

521 4063 634 4106 moratos
653 4089 660 4110 .
680 4053 844 4108 domonstrat
864 4051 1052 4107 Gotholredus.
