3630 5334
514 667 581 760 276

491 849 575 892 terror
599 847 656 889 nou
677 834 761 888 solum
785 834 812 886 in
832 832 911 886 corde
936 831 984 886 secl

487 923 570 980 etiam
582 921 611 974 in
627 921 712 988 figura
730 928 856 974 transeat.

524 1005 553 1064 5·
571 1007 612 1060 Dc
624 1007 754 1074 sanguine
767 1005 826 1059 cius
838 1015 917 1059 natus
934 1003 984 1058 ler-

491 1104 537 1148 tur
547 1096 661 1164 Pegasus
672 1131 681 1153 .
695 1097 724 1148 iu
734 1099 817 1164 figura
828 1094 914 1148 lamae
923 1111 984 1147 con·

492 1183 635 1240 stitutus.
661 1184 710 1254 qui
735 1185 817 1238 etiam
839 1181 984 1238 secundum

491 1271 640 1340 Remigium
666 1269 737 1325 fama
763 1273 954 1343 intorpretatur
978 1303 985 1320 .

492 1359 590 1414 Virtus
606 1359 678 1414 anim
697 1360 760 1414 alum
777 1359 866 1415 omnia
880 1375 987 1431 supera·

492 1446 561 1500 serit
575 1480 583 1504 ‚
601 1456 630 1500 ct
643 1456 768 1501 terrorum
787 1445 986 1518 amputaverit.

494 1541 685 1602 consequenter
696 1531 793 1586 famam
805 1543 927 1601 genunt:
938 1549 987 1585 un·

492 1615 527 1672 (la
541 1629 571 1673 et
588 1620 677 1675 volare
689 1621 791 1676 dicitur
806 1659 814 1682 ‚
832 1621 898 1692 quia
915 1619 987 1672 sarna

495 1708 610 1765 volucris
626 1723 675 1766 ost
689 1713 775 1768 illusis
787 1711 886 1768 iontem
899 1729 986 1781 ungu-

495 1795 523 1848 la
538 1813 587 1849 sua
604 1797 708 1869 rupisse
729 1837 737 1859 ‚
754 1801 870 1854 undeet
891 1804 988 1871 po'ctac

495 1881 595 1938 hibunt
603 1921 611 1943 .
619 1887 686 1956 qnia
698 1887 807 1944 hmoum
820 1887 915 1942 lamam
927 1893 987 1960 poi·

496 1981 541 2025 tae
564 1973 700 2027 materiam
718 1976 854 2031 scribendi
877 1974 986 2028 habent·

499 2059 650 2114 &cundum
670 2065 811 2120 nonnullos
830 2073 918 2118 tamen
938 2063 987 2114 Pc-

497 2165 575 2216 gasus
598 2151 657 2206 fons
680 2163 802 2208 arumna
827 2157 988 2224 interpreta-

497 2248 562 2299 tur,
581 2251 609 2295 ct
627 2242 656 2295 iu
672 2243 756 2310 ligura
774 2241 921 2313 sapientiae
938 2257 988 2311 po·

498 2325 585 2380 nitur·
609 2329 672 2382 lcleo
688 2339 820 2401 pennatus
835 2365 842 2386 ,
860 2329 926 2398 quia
943 2345 990 2380 sa-

500 2413 603 2484 pientia
622 2416 774 2470 nniversam
792 2415 888 2468 mundi
906 2424 990 2468 natu-

498 2519 555 2555 ram
577 2503 655 2556 calmi
670 2504 834 2572 cogitatione
851 2503 990 2574 pervolet.

500 2587 564 2640 Ideo
578 2605 712 2642 musarum
722 2587 822 2644 iontem
840 2589 937 2658 ungula
950 2607 990 2641 ru·

500 2675 571 2747 pisse
597 2677 707 2746 lingitur
727 2715 734 2736 .
758 2678 832 2748 quod
859 2677 991 2748 sapientia

497 2763 585 2834 poctis
603 2763 735 2836 quicquid
752 2765 921 2836 prolocuntur
942 2765 992 2818 ad-

499 2850 644 2904 ministret.
663 2852 726 2905 ldco
737 2852 770 2906 ds
781 2853 911 2920 Gorgonis
930 2871 993 2908 san-

500 2937 580 3006 guiue
599 2949 700 2995 natas,
717 2955 787 3008 quae
805 2949 888 2993 terror
908 2941 993 2995 inter-

499 3037 642 3098 pretatur,
662 3028 736 3097 quod
759 3027 868 3082 initiunt
886 3029 994 3100 sapion-

502 3113 559 3166 tiae
577 3113 622 3167 sit.
639 3113 717 3184 Quod
733 3125 822 3168 autern
840 3115 920 3171 timor
940 3117 994 3169 ini-

501 3201 571 3261 tium
587 3238 595 3260 ,
613 3212 646 3255 ot
668 3201 784 3256 diximus
802 3238 809 3259 .
829 3201 866 3256 sit
888 3203 995 3274 sapien-

501 3288 575 3345 tiae,
586 3305 601 3340 a
613 3287 778 3361 philosophis
788 3289 854 3342 hacc
870 3289 939 3343 ratio
952 3289 996 3342 ala·

503 3387 549 3430 tur
560 3412 568 3435 .
581 3377 653 3447 quod
666 3387 693 3430 et
705 3380 799 3431 timore
816 3376 937 3445 magistri
955 3376 996 3430 di-

503 3464 612 3535 scipulis
625 3464 758 3535 sapientia
768 3463 861 3516 crescit
870 3473 912 3528 aet
922 3463 995 3534 quoal

505 3551 554 3622 qui
573 3547 670 3603 samaia
687 3550 821 3605 timuerit.
840 3549 947 3620 sapiens
965 3567 996 3604 c·

504 3639 550 3692 rit.
565 3639 601 3692 Et
618 3637 712 3691 merito
723 3675 730 3696 ‚
743 3636 891 3707 inquiunt.
906 3635 939 3688 ale
956 3653 996 3689 oc·

504 3723 561 3777 cisa
586 3726 709 3792 Gorgone
736 3724 849 3791 Pegasus
876 3721 963 3775 oritur
987 3756 996 3780 ‚

505 3815 571 3887 quia
588 3817 664 3869 finito
679 3827 707 3868 et
720 3815 837 3868 anullato
848 3813 940 3866 timore
952 3813 997 3867 iu-

504 3905 646 3976 sipientiae
664 3941 670 3962 .
690 3903 826 3957 subintrat
850 3903 947 3956 deinde
968 3905 996 3958 in

507 3990 651 4060 quemlibet
669 3990 810 4062 sapientia·
831 3989 954 4044 Stultitia
969 4009 995 4046 e·

708 659 1079 733 MYTHOGRAPHUS
1104 659 1301 732 TERTIUS

1039 833 1094 886 nim
1112 849 1212 904 semper
1231 829 1347 885 timenda
1372 841 1435 884 est:
1456 832 1526 886 uncle

1037 931 1065 974 et
1083 920 1112 972 in
1129 918 1246 972 Palladis
1264 927 1369 990 rectore
1394 919 1500 986 Gorgon
1518 956 1526 978 .

1041 1007 1069 1060 id
1087 1019 1128 1062 est
1146 1009 1253 1062 terroris
1271 1006 1356 1074 imago
1367 1044 1374 1064 .
1387 1008 1439 1059 fixa
1457 1017 1499 1060 est
1518 1043 1525 1064 ι

1039 1105 1071 1149 ut
1088 1093 1279 1166 insipientibus
1289 1111 1388 1166 semper
1403 1105 1527 1149 terrorem

1041 1182 1159 1238 incutere
1176 1183 1309 1237 rideatur.

1076 1270 1103 1334 4.
1121 1271 1213 1338 Pegasi
1231 1287 1280 1341 ope
1293 1269 1463 1342 Bellerophon
1482 1268 1526 1323 in·

1041 1355 1144 1410 terlecit
1170 1339 1416 1413 Chimaeram‘Est
1441 1370 1528 1413 autem

1041 1441 1106 1496 haec
1120 1442 1221 1498 fabula.
1236 1446 1345 1499 Proetus
1356 1462 1464 1498 uxorem
1481 1445 1528 1498 ha·

1040 1529 1102 1585 buit
1120 1531 1245 1592 Antium.
1262 1551 1332 1605 quac
1349 1533 1449 1589 amarit
1466 1535 1528 1588 Bet-

1041 1619 1245 1692 lcrophontem3
1271 1639 1349 1692 quem
1376 1621 1441 1692 qnia
1465 1638 1529 1675 anae

1043 1723 1097 1761 non
1121 1709 1233 1762 assensit
1260 1709 1398 1778 nequitiae
1420 1744 1428 1767 .
1458 1709 1530 1781 apud

1042 1793 1167 1848 maritum
1176 1813 1253 1847 suurn
1263 1797 1409 1850 accusavit.
1418 1797 1464 1850 lllc
1471 1813 1530 1849 cum

1042 1881 1078 1933 acl
1089 1881 1254 1936 Chimaeram
1265 1884 1473 1938 interficiendam
1482 1883 1531 1936 mi·

1042 1971 1099 2028 sit,
1117 1987 1197 2042 qnam
1216 1971 1388 2044 Bellerophon
1406 1990 1475 2042 equo
1488 1973 1532 2026 Pe

1044 2073 1106 2124 gaso
1123 2057 1240 2111 roridcns
1260 2059 1402 2114 interemit.
1423 2061 1531 2113 Proetus

1045 2145 1127 2211 igitur
1140 2143 1276 2216 pamphilo
1292 2145 1382 2213 lingua
1392 2147 1515 2216 sordidus
1526 2183 1533 2204 .

1044 2228 1127 2285 Antia
1145 2235 1308 2288 contrarium
1327 2235 1533 2306 interpretatur.

1045 2337 1115 2390 quae
1122 2340 1168 2393 pro
1177 2321 1293 2376 libidine
1303 2323 1432 2394 accipitur
1443 2358 1450 2380 .
1461 2322 1534 2392 quod

1046 2408 1114 2462 nihil
1126 2411 1191 2464 adeo
1203 2411 1299 2464 virtuti
1313 2411 1533 2481 quemadmodum

1046 2497 1131 2550 libido
1143 2500 1303 2553 contrarium
1313 2511 1361 2554 est·
1372 2501 1446 2553 Hanc
1460 2503 1535 2554 Proe-

1049 2597 1092 2640 tus
1110 2586 1191 2640 hahet
1214 2589 1374 2657 coniugem.
1394 2589 1446 2643 Cui
1465 2589 1534 2642 enim

1046 2673 1147 2733 libido.
1157 2675 1209 2730 nisi
1222 2678 1348 2734 sordido.
1363 2679 1449 2750 possit
1463 2678 1535 2730 adbi-

1047 2762 1124 2818 berii
1135 2766 1305 2839 bellerophon
1318 2785 1379 2821 voro
1390 2767 1536 2838 sapientiae

1048 2853 1181 2906 consultor
1200 2853 1399 2924 interpretatur.
1415 2853 1464 2903 llic
1477 2851 1534 2905 Au-

1047 2941 1103 2995 tiac
1122 2959 1174 2994 non
1193 2942 1325 2995 consentit
1339 2979 1347 2999 ‚
1359 2939 1424 3011 quia
1440 2941 1488 3010 qui
1507 2938 1535 2990 in

1049 3030 1197 3101 sapientiae
1215 3029 1319 3084 laborat
1337 3031 1515 3101 vestigatione
1530 3066 1537 3084 .

1049 3116 1189 3170 libidinem
1213 3135 1315 3172 omnem
1340 3135 1356 3169 a
1383 3135 1411 3172 sc
1438 3115 1538 3170 nititur

1049 3205 1178 3274 elongare.
1201 3205 1243 3260 Aa
1264 3205 1431 3261 Chimaeram
1447 3206 1538 3275 itaquo

1051 3294 1221 3364 occipcudam
1235 3293 1355 3346 mittitur
1374 3313 1381 3344 t
1400 3293 1539 3346 Chimaera

1051 3399 1165 3452 namque
1185 3381 1281 3435 amoris
1299 3382 1440 3435 fluctuatio
1458 3381 1541 3433 buter·

1051 3481 1181 3541 pretatur.
1199 3469 1253 3540 Qui
1270 3469 1351 3536 igitur
1373 3467 1480 3522 libidini
1497 3487 1540 3524 rc-

1051 3559 1159 3612 nuntiat
1170 3595 1177 3615 .
1188 3567 1281 3610 contra
1295 3573 1408 3609 amorem
1426 3573 1541 3627 pugnam

1050 3645 1179 3717 suscipiat
1193 3661 1296 3698 neccsse
1312 3655 1368 3698 cst:
1379 3661 1457 3714 quem
1470 3661 1540 3713 equo

1051 3729 1150 3796 Pegaso
1162 3761 1169 3787 .
1179 3729 1208 3781 id
1218 3739 1257 3782 cst
1266 3727 1397 3800 sapientia
1413 3727 1522 3780 adiutas
1533 3761 1540 3782 ι

1050 3814 1152 3870 virtute
1170 3815 1307 3886 praeditus
1325 3813 1402 3867 facile
1425 3815 1511 3868 vincit
1532 3841 1540 3856 ·

1053 3901 1206 3956 Notandum
1228 3919 1290 3957 sero
1309 3901 1381 3971 qrrocl
1401 3899 1472 3954 idem
1490 3901 1540 3953 Pc-

1053 3991 1216 4059 gasuaetiam
1226 4007 1309 4060 equus
1323 3990 1440 4062 lleptuni
1451 3989 1540 4043 aliatus
