3606 5356
661 669 924 744 otossst.
1201 672 1278 770 453

288 850 473 938 Demum
499 863 574 925 uim
596 850 773 959 demoeps.

286 969 486 1073 Deliquio,
511 969 649 1048 obliuio.

286 1089 483 1178 Divinum,
508 1117 592 1166 cum
614 1093 811 1194 impedium
833 1099 997 1196 auspicia
1018 1101 1203 1176 actionem.
1229 1099 1308 1176 Au-

337 1215 515 1311 spicium,
540 1212 642 1314 quod
659 1219 741 1315 quis
764 1227 907 1289 secutus
925 1241 1105 1318 prospere
1130 1243 1209 1294 rem
1230 1245 1308 1321 ges·

335 1333 454 1401 sisset.

286 1447 466 1550 Deperis,
488 1447 634 1549 perdite
658 1477 766 1525 amos.

286 1568 518 1655 Decolcotis,
543 1569 589 1642 de
611 1575 712 1646 calce
738 1569 875 1646 obicu's.

284 1689 440 1777 Delisit,
464 1690 609 1780 delivit,
634 1699 842 1797 inquinavit.

284 1810 473 1897 Dedecet,
500 1811 744 1912 dispuditum,
765 1813 924 1916 pudicit,
949 1813 1067 1890 rubor
1073 1816 1165 1920 fiut

287 1928 494 2003 Dioortium
513 1929 688 2016 dicimus,
714 1957 796 2006 cum
818 1935 951 2005 mulier
971 1960 994 2005 o
1019 1938 1097 2008 viro
1117 1937 1307 2012 diuortium

321 2050 434 2151 facit.

287 2167 453 2242 Deveru't
477 2193 589 2256 uero,
609 2173 676 2270 qui
696 2195 720 2242 a
742 2174 798 2243 oie
820 2175 875 2242 oet
894 2176 1036 2246 ratione
1051 2172 1209 2271 deflexu.
1237 2174 1307 2249 Τα-

336 2313 418 2360 meu
448 2311 532 2361 cum
557 2286 709 2360 devertit
734 2287 880 2362 dicatur
895 2345 911 2374 ,
935 2289 1171 2366 diversorium
1193 2297 1308 2390 magis

339 2433 449 2510 quom
471 2405 716 2481 deversorium
744 2431 830 2481 usus
852 2405 1013 2484 obtinuit.
1043 2411 1148 2509 Ergo
1171 2425 1307 2487 mrums-

335 2552 408 2628 que
433 2551 502 2599 usu
520 2539 555 2598 et
572 2531 714 2600 ratione
732 2525 892 2602 dicimus.

285 2647 347 2718 De
369 2659 497 2720 contra
523 2645 651 2732 rideo,
676 2645 812 2722 dicitur
844 2673 913 2722 usu
942 2652 1208 2724 recuratione:
1242 2647 1309 2724 sed

336 2768 462 2838 melius
486 2777 539 2837 est
563 2790 585 2838 e
610 2777 739 2840 contra
765 2790 876 2868 quom
900 2764 946 2840 de
970 2781 1108 2842 contra.

285 2884 491 2958 Destrictus
510 2939 526 2970 ,
556 2889 633 2958 sine
661 2912 703 2958 ·n·
734 2884 924 2960 scribimus
942 2941 959 2972 ,
983 2912 1056 2961 uon
1080 2886 1303 2964 destrincuss.

333 3007 401 3078 Est
431 3018 550 3078 autem
581 3005 772 3081 destrictus
803 3007 966 3081 adtenuu
997 3011 1052 3082 vel
1080 3033 1225 3084 severus
1255 3035 1302 3086 oc

332 3147 405 3195 uon
430 3127 567 3196 solutus
592 3138 628 3196 et
655 3127 754 3198 leuis.
962 3123 966 3132 ⁴

284 3241 480 3340 Destringo
494 3299 510 3328 ‚
539 3240 688 3317 uerbum
713 3257 766 3316 est
790 3247 954 3318 codrum.
981 3243 1185 3347 Porticipio
1202 3242 1304 3346 facit

333 3361 556 3459 destrbsgou
580 3361 843 3438 destricturus:
874 3367 913 3435 in
939 3368 1081 3465 passivo
1114 3362 1303 3438 deurictiu
1400 3377 1405 3393 '

332 3480 612 3578 deurozgenms.

283 3601 433 3686 Diruo,
457 3598 572 3672 diruit
597 3625 680 3674 cum
707 3623 748 3672 ·r·

281 3718 422 3791 Docilis
445 3729 481 3789 et
506 3713 694 3802 docibilis,
719 3729 913 3817 turmaque
937 3715 1098 3790 dicimus.

281 3835 555 3936 Deretiquerit‚
580 3837 618 3906 in
630 3832 770 3935 futuro
795 3837 872 3908 siue
899 3859 941 3908 u·
966 3832 1165 3910 scribimus.

279 3953 488 4052 Deripere,
509 3977 581 4052 per
606 3950 675 4037 de,
700 3977 772 4026 uon
793 3979 866 4054 per
890 3953 956 4040 di,
981 3951 1164 4029 scribitur.

279 4073 445 4159 Deiero,
470 4071 555 4146 deos
579 4075 672 4146 iuro.
792 4105 800 4112 ·
