3638 5332
736 681 991 750 surrnrnrrrr.

342 838 394 882 tem
404 829 523 884 Patroclo
539 829 682 884 sodalisuo
698 866 705 889 .
726 833 776 902 qui
790 849 830 885 nn·

343 926 386 967 tea
415 916 442 968 in
469 914 573 970 troiano
600 915 669 972 bello
700 917 833 988 Sarpedo-

341 1021 401 1056 nem
424 1001 494 1056 Iovis
521 1012 548 1056 rt
568 1002 730 1058 Laodamirc
749 1005 834 1058 filium

340 1092 475 1146 occiderat
484 1109 557 1145 arma
565 1111 613 1146 suu
623 1094 740 1148 Vulcani
753 1113 830 1148 man·

340 1199 377 1234 nu
386 1180 516 1235 fabricatu
525 1193 567 1238 ‚rt
576 1193 670 1236 cetera
680 1195 713 1235 ut
722 1202 752 1254 p·
769 1182 827 1252 154.

356 1355 459 1408 Fabula
474 1353 536 1410 226.
546 1368 606 1428 post
633 1357 705 1412 iiiam
719 1323 811 1430 Apidii

471 1461 498 1514 p·
512 1440 570 1497 160·
583 1442 692 1497 editam.

341 1647 490 1796 Quidam
498 1704 540 1759 vir
549 1705 673 1778 Opimius
684 1705 826 1761 admodum

340 1791 435 1844 extitit
449 1810 544 1846 avarus
554 1829 561 1850 .
575 1805 607 1848 ut
617 1811 676 1847 cnm
687 1795 779 1849 multis
789 1793 831 1846 di·

340 1881 415 1934 vitiis
436 1881 583 1934 abundaret
595 1919 602 1942 ,
621 1885 677 1954 ipsu
687 1883 760 1936 iestis
773 1883 828 1937 dis-

338 1969 389 2024 bus
399 1971 570 2026 veientanum
580 1971 825 2042 pessimumvinum

339 2053 442 2110 biberet
453 2075 464 2117 ;
482 2058 597 2129 privatis
618 2069 707 2111 nutem
732 2057 828 2114 dicbus

338 2163 470 2216 suppum.
491 2145 563 2216 quod
574 2159 615 2202 est
627 2147 768 2203 veientano
778 2148 829 2202 de-

340 2234 434 2286 terius.
444 2232 495 2285 Hic
512 2230 580 2287 forte
594 2251 659 2306 prae
679 2234 761 2287 nimia
773 2236 827 2290 sol-

339 2321 483 2375 licitudine
512 2322 610 2377 incidit
638 2323 666 2377 in
696 2324 827 2392 letargum

339 2412 469 2466 morbum.
483 2413 559 2467 Tunc
576 2415 634 2466 cius
653 2413 739 2467 lactus
752 2413 827 2467 ireres

339 2504 427 2573 coepit
448 2503 518 2558 circu
540 2501 641 2557 loculos
669 2519 773 2556 currere
799 2512 829 2556 et

338 2588 424 2644 clares
441 2606 569 2660 quuemre
592 2626 599 2648 .
619 2605 727 2662 rperrns
750 2590 826 2646 iilum

339 2675 394 2728 cito
409 2675 576 2730 moriturum.
593 2677 727 2731 decedens
745 2677 826 2730 medi·

339 2782 386 2816 cus
404 2764 510 2823 fidelis.
531 2767 638 2833 cognitu
655 2763 740 2819 morbi
759 2783 826 2818 crn-

338 2870 387 2909 sr.
404 2863 433 2906 ct
450 2854 564 2924 pecunia
581 2863 639 2908 tota
655 2864 717 2907 unte
731 2871 759 2906 sc
777 2871 825 2907 nu·

337 2952 462 3000 meram,
487 2940 558 2996 dixit
577 2940 676 3010 negrofr
696 2940 750 2994 niri
777 2951 823 2996 tur

337 3029 494 3088 custodiis,
514 3030 584 3083 nihii
599 3029 682 3084 distat
705 3029 773 3084 farne
790 3048 825 3084 rn

337 3118 429 3174 morbo
438 3136 539 3190 pereus-
549 3119 596 3171 lile
605 3117 735 3187 evigilans
745 3155 753 3177 ‚
763 3118 825 3189 quis

338 3205 424 3262 tollit,
443 3201 507 3260 riti
525 3205 566 3258 Et
584 3205 701 3262 salvatus
719 3215 768 3258 est.

366 3399 432 3458 unp·
446 3359 633 3436 Decolumbis
650 3377 786 3434 dodoncis·

334 3581 477 3699 Dodona
491 3642 588 3698 civitas
601 3653 642 3698 est
653 3644 747 3718 Epiri,
767 3646 822 3699 iux·

336 3742 364 3784 tr
385 3748 465 3801 quam
489 3741 529 3784 est
553 3731 620 3784 silva
644 3749 713 3802 quae
739 3733 820 3786 etiam

335 3821 446 3875 Dodona
456 3821 555 3874 dicitur
563 3856 571 3878 ‚
579 3820 740 3875 habundans
750 3822 819 3890 glun·

1269 692 1275 704 “
1287 673 1351 764 373

898 845 992 888 cuntur
1007 831 1137 892 homines.
1148 834 1270 912 iuppiter
1279 838 1324 894 hic
1336 840 1381 896 dr·

896 921 945 976 hrt
965 941 1091 996 responsa
1112 944 1159 999 per
1178 926 1314 986 cotunhn
1332 949 1379 986 ns-

896 1027 968 1065 reas.

974 1183 1034 1240 228.
1045 1185 1085 1244 De
1100 1185 1159 1240 tacu
1171 1187 1297 1246 Lucrino·

888 1383 938 1502 In
955 1445 1053 1503 briano
1075 1451 1136 1504 sinu
1164 1462 1256 1506 contra
1279 1453 1377 1508 cirita-

889 1547 942 1588 tetu
960 1536 1123 1608 Campaniae
1139 1539 1224 1592 Baias
1246 1540 1300 1594 dun
1315 1553 1380 1596 sunt

887 1621 975 1678 lacus,
986 1621 1107 1677 Avernus
1120 1635 1149 1678 ct
1163 1626 1295 1682 Lucrinus
1307 1665 1314 1688 .
1328 1628 1377 1700 qui

887 1709 951 1764 olim
962 1721 1070 1783 propter
1079 1712 1182 1784 copiam
1194 1715 1309 1787 piscium
1322 1719 1378 1771 iio-

887 1797 1317 1872 msnisprncstnhnntrectigulin.
1325 1804 1379 1860 Scri

887 1901 946 1938 cum
963 1887 1118 1957 pierumque
1137 1905 1210 1942 mure
1230 1891 1379 1964 irrumpens

885 1978 970 2046 pisces
987 1977 1049 2031 inde
1058 1976 1226 2038 excluderet,
1238 1991 1266 2034 et
1277 1981 1375 2034 redem-
1403 2029 1408 2038 .

885 2073 973 2134 ptores
988 2065 1103 2134 drmpnn
1118 2074 1272 2134 paterentur
1284 2102 1292 2125 .
1305 2085 1372 2139 tup-

885 2149 1055 2218 piicnvcrnnt
1070 2151 1175 2204 scnrtui
1186 2169 1192 2200 r
1202 2161 1230 2205 et
1242 2151 1377 2224 proiectus
1406 2205 1409 2212 .

886 2235 972 2290 Iulius
986 2235 1083 2290 Caesar
1097 2237 1188 2291 ductis
1196 2236 1317 2293 bruchiis
1327 2257 1377 2296 cx·

886 2322 965 2376 clusit
989 2333 1091 2394 partem
1113 2323 1217 2384 maris.
1237 2342 1318 2397 quam
1336 2327 1375 2380 in·

885 2410 979 2464 fertum
1001 2421 1165 2482 compererat
1179 2429 1257 2466 crte:
1276 2411 1374 2484 liquit-

886 2515 939 2568 quc
951 2497 1033 2553 breve
1045 2497 1161 2569 spatium
1170 2516 1218 2570 per
1227 2498 1375 2560 Avernum.

883 2602 937 2656 qun
953 2586 1066 2658 piscium
1088 2587 1165 2660 copia
1185 2587 1289 2644 intrare
1308 2606 1374 2661 por-

885 2684 949 2729 sct:
968 2676 1041 2746 quud
1058 2693 1126 2747 opur
1151 2675 1249 2737 iulium
1271 2677 1375 2732 dictum

883 2772 943 2816 ωῑ.

921 2951 982 3010 229·
991 2939 1031 2991 Dr
1040 2937 1146 2992 Venere
1162 2946 1190 2991 et
1202 2937 1339 2998 Diomede.

881 3140 979 3257 Cum
993 3206 1079 3252 essent
1098 3197 1193 3252 Graeci
1209 3198 1237 3251 in
1251 3197 1371 3255 obsidiu-

883 3301 917 3338 ne
930 3283 1041 3342 Troiae,
1051 3283 1165 3352 contigit
1178 3297 1210 3338 ut
1221 3286 1296 3339 fieret
1304 3303 1370 3358 pug-

880 3391 915 3426 na
930 3373 1001 3427 inter
1018 3371 1170 3426 Diomedem
1189 3383 1217 3426 et
1234 3372 1368 3427 Aeneam:

881 3477 993 3530 cumque
1016 3459 1063 3511 diu
1088 3459 1260 3514 dimicassent
1277 3497 1284 3519 .
1303 3461 1370 3515 Diu-

879 3550 966 3602 medes
988 3547 1104 3602 teneam
1116 3547 1248 3618 percussit
1264 3547 1367 3616 ingenti

879 3659 943 3695 suro
956 3649 983 3692 ct
999 3635 1154 3710 prostravit.
1162 3637 1265 3692 viden
1276 3639 1368 3696 Venus

878 3739 963 3782 mater
981 3727 1062 3782 eius.
1082 3721 1152 3778 nubs
1175 3724 1261 3798 ipsum
1276 3735 1368 3798 prote-

878 3817 938 3871 rit.
954 3815 1001 3868 lile
1019 3830 1080 3868 rrro
1099 3812 1248 3884 irrumpens
1272 3811 1301 3866 in
1315 3829 1368 3866 uu-

334 3909 435 3967 dssrns.
460 3907 559 3983 quibus
582 3910 661 3980 primi
684 3910 755 3981 pasti
772 3910 817 3964 di·
876 3908 955 3965 bem,
974 3905 1104 3960 Venerem
1127 3900 1288 3962 vulneravit.
1308 3899 1366 3954 Un-
