3638 5332
552 703 632 802 '404
884 727 972 778 oms
990 729 1175 780 omnmo

522 907 600 962 tum
625 903 660 959 et
686 885 934 988 eloquentium
955 885 1063 982 Quod
1090 887 1120 960 si
1146 913 1210 987 per
1234 885 1372 983 singula
1396 887 1541 986 probare

523 1005 696 1092 volueris,
716 1005 871 1078 invenies
896 1031 1017 1078 omnes
1041 1005 1174 1078 iudicet
1193 1019 1228 1076 et
1246 1021 1438 1103 potestates.

578 1125 626 1196 32
655 1119 824 1222 Sequitur
843 1121 994 1210 Tuscia,
1013 1151 1102 1222 quae
1122 1123 1214 1194 inter
1233 1121 1350 1194 omnia
1367 1123 1460 1195 bona
1479 1123 1545 1194 ler-

523 1239 710 1340 tur,quod
730 1268 772 1313 ex
792 1267 833 1314 ea
851 1239 1048 1340 haruspices
1067 1240 1220 1339 primum
1244 1239 1457 1340 prodierunt.
1481 1237 1545 1312 Se·

523 1359 645 1460 quitur
665 1355 827 1458 Aquileia
847 1375 883 1431 et
901 1357 1146 1432 Mediolanum
1168 1361 1238 1458 (a),
1263 1358 1415 1430 civitatee
1434 1357 1546 1458 splen·

522 1478 624 1552 didae
650 1495 685 1550 et
709 1477 831 1551 divites
856 1505 973 1578 opum.

578 1596 627 1670 33
654 1592 740 1668 Poat
765 1593 901 1668 ltaliam
925 1595 1100 1696 superiora
1126 1613 1327 1684 currentes,
1345 1623 1431 1696 quas
1450 1623 1545 1696 prae·

523 1713 733 1790 termiaimua
768 1715 960 1814 provincias
985 1741 1218 1788 memoremus
1244 1771 1255 1804 ,
1282 1715 1457 1790 Moesiam
1481 1717 1546 1788 sei·

522 1836 605 1910 lieet
630 1852 665 1910 et
689 1833 837 1910 Daciam
861 1837 1053 1937 provincias
1075 1893 1086 1926 ,
1112 1835 1177 1908 sibi
1202 1835 1344 1936 quidun
1369 1837 1545 1910 sufficien-

521 1973 574 2030 tes
597 2013 608 2046 ,
632 1955 760 2055 frigora
784 1972 901 2030 autem
926 1984 1050 2053 magna
1074 1956 1241 2028 habentes
1271 2013 1281 2044 ,
1307 1980 1463 2056 ¹quarum
1495 1971 1548 2062 eat

521 2075 673 2176 Nayasoa
698 2075 815 2150 civitas
840 2075 1014 2175 opulenta
1033 2073 1174 2148 Deinde
1199 2072 1404 2148 Pannoniae
1423 2075 1541 2172 regio,

521 2212 613 2268 terra
638 2195 731 2268 dives
756 2195 794 2266 in
821 2194 982 2268 omnibus
1007 2221 1080 2266 non
1106 2192 1219 2266 suham
1244 2193 1415 2266 [ructibus
1434 2209 1469 2266 et
1488 2193 1541 2264 iu-

527 2315 652 2388 mentis
676 2372 686 2403 ,
712 2313 774 2388 aed
793 2329 828 2386 et
847 2313 992 2410 negotiis
1012 2329 1047 2384 et
1065 2313 1279 2411 mancipiis,
1307 2313 1345 2386 in
1370 2341 1440 2414 qua
1458 2339 1545 2386 aem·

526 2461 589 2532 per
623 2431 871 2532 imperatorum
903 2447 955 2504 eat
987 2431 1151 2504 habitatio
1187 2431 1397 2504 delectabilia
1437 2492 1445 2506 .
1482 2432 1551 2506 lla·

525 2553 586 2624 bet
604 2569 722 2625 autem
747 2552 911 2624 maximas
931 2551 1082 2624 civitates
1103 2549 1273 2624 Sirmium
1291 2567 1326 2624 et
1347 2551 1548 2640 Noricum,

523 2669 619 2744 unde
645 2685 680 2740 et
704 2669 806 2742 vestis
831 2668 950 2742 norica
975 2667 1067 2742 exire
1099 2668 1256 2742 dicitur.
1284 2667 1380 2742 Haeo
1406 2667 1547 2744 Panno

523 2790 602 2862 niae
628 2788 732 2886 regio.
753 2786 854 2883 Quae
880 2789 1015 2863 adiacet
1040 2807 1134 2862 trans
1159 2789 1293 2864 flumen
1312 2788 1547 2879 Danubium,

525 2935 609 3004 gena
635 2907 860 2980 barbarorum
886 2926 922 2980 et
948 2906 1149 2983 Sarmatum
1170 2911 1233 3010 (b).

579 3029 631 3122 34
656 3024 742 3100 Post
766 3024 987 3102 Pannoniam
1013 3027 1205 3104 Galliamm
1229 3029 1433 3128 provincia,
1458 3055 1547 3128 quae

524 3147 672 3220 maxima
697 3163 781 3238 est,
808 3163 843 3220 et
868 3165 1007 3249 propter
1040 3149 1283 3249 imperatorem
1315 3177 1387 3249 quo
1411 3174 1547 3248 semper

522 3283 622 3364 eget,
641 3267 679 3341 in
705 3267 929 3344 multitudine
955 3269 1117 3342 omnibus
1141 3269 1243 3342 bonis
1261 3269 1462 3356 habundat,
1482 3269 1545 3342 aed

522 3387 663 3486 plurimi
688 3387 789 3488 pretii
802 3389 923 3464 :cuius
948 3389 1096 3462 maxima
1122 3389 1240 3462 civitas
1264 3385 1400 3461 Treviri
1420 3391 1469 3488 le)
1491 3388 1544 3460 di-

524 3504 617 3580 citur
647 3561 657 3592 ,
685 3505 721 3576 in
753 3533 822 3604 qua
851 3505 1013 3579 dominus
1045 3506 1156 3602 gentis
1185 3505 1354 3578 inhabitat
1382 3507 1435 3606 (ι)
1458 3535 1469 3582 ι
1494 3521 1545 3578 eat

530 3684 796 3752 (a)cad..lle·l1olaws·
808 3683 849 3748 (b)
862 3694 898 3732 tta
909 3699 1008 3750 uterque
1019 3692 1111 3750 eod-pru
1122 3688 1302 3734 Samum·
1311 3688 1349 3750 (e)
1360 3687 1548 3751 eadmeri..

606 3829 655 3898 (r)
675 3829 830 3882 Ammianus
850 3831 932 3882 Mare·
946 3827 994 3880 tib.
1006 3831 1068 3881 XV·
1082 3847 1123 3884 rt·
1133 3831 1201 3884 dicit
1221 3833 1248 3884 Τ
1244 3835 1348 3884 mirus
1366 3832 1537 3884 dulcitia·

530 3919 687 3986 pru'ucr'puor
707 3919 823 3967 clm-um·
843 3919 949 3968 l‘raoter
969 3919 1101 3986 principem
1126 3920 1284 3970 vetustiores
1299 3955 1307 3976 .
1325 3921 1534 3974 commotione·

534 4021 640 4073 quoque
649 4006 819 4058 Constantini
833 4006 921 4071 magui
940 4005 1024 4056 titium
1037 4041 1044 4060 .
1055 4005 1216 4078 fratremque
1225 4009 1283 4062 eius
1294 4009 1484 4068 Constantem.
1495 4009 1537 4064 lbi

535 4104 648 4146 moratos
667 4129 675 4150 .
693 4094 857 4148 damoustrat
878 4092 1066 4146 Gotholrrdus.
