3634 5336
1241 670 1307 739 333

292 835 436 890 accercitur
453 835 608 908 pustulrlrat
629 873 638 894 .
656 855 698 892 rue
716 836 784 891 utti-
840 837 894 890 rire
912 835 1037 892 vuluicee·
1049 835 1125 891 Unde
1137 835 1275 910 trahique
1290 839 1334 894 iu·

291 923 360 990 aiere
380 934 529 995 protector·
547 925 638 996 Atque
659 926 689 980 id
709 943 783 980 uum-
839 929 1017 991 temogantem
1035 960 1044 984 .
1064 923 1150 996 ipram
1165 943 1227 984 vero
1243 926 1334 998 plrilu-

289 1025 394 1080 mopere
411 1027 535 1080 quaero.
560 1022 593 1066 ut
614 1029 676 1065 cum
693 1010 784 1082 aliquo
838 1008 960 1080 aoplrium
975 1011 1176 1082 respondentem
1189 1013 1335 1068 docentem-

290 1099 454 1170 peritissimo
472 1109 501 1154 et
515 1099 591 1156 vobit
608 1099 784 1154 irmiliaricei·
839 1113 893 1167 que
908 1097 1074 1154 introducit:
1092 1100 1232 1172 ipsamque
1250 1101 1279 1156 iu
1297 1102 1336 1158 li-

290 1204 334 1242 mo
357 1187 430 1242 hunc
447 1205 528 1258 quem
551 1187 639 1242 direxi
663 1186 785 1241 libellum
837 1183 887 1240 bru
913 1184 995 1240 tertio
1019 1203 1069 1258 pro
1098 1188 1252 1260 reperienda
1273 1189 1336 1244 cede

290 1286 391 1330 secreto
405 1275 785 1348 percuntaridiguemiuimt
836 1271 1123 1330 munticulorum
1143 1276 1262 1331 omnium
1285 1295 1336 1348 pe-

290 1363 315 1418 ri
329 1363 434 1435 aliquid
445 1365 573 1420 utilitatis
588 1363 686 1424 habet.
698 1365 784 1420 nemi·
815 1414 820 1435 „
837 1370 907 1416 trem
920 1361 963 1418 hie
977 1361 1067 1419 rerb'u
1078 1363 1218 1420 invocetur
1234 1365 1336 1422 derri-

671 688 948 741 committitis·

290 1450 321 1504 ni
338 1451 500 1519 dmrgeturt
524 1452 548 1507 ei
565 1470 660 1524 perum
679 1463 728 1507 aut
739 1452 785 1506 ni-

291 1535 349 1597 hil.
366 1539 466 1594 nemini
484 1549 576 1611 postea
593 1539 754 1612 publicetur.

327 1625 346 1683 3
363 1625 491 1698 Quicquir
503 1629 606 1684 illorum
614 1629 721 1683 Boethii
730 1645 788 1682 rcr-

296 1729 376 1768 tuum
386 1713 593 1783 intellegentiam
602 1715 731 1784 indagare
741 1709 790 1768 cu-¹

293 1799 356 1871 pit.
375 1817 489 1870 quorum
507 1801 575 1854 milri
596 1801 789 1873 expositionem

293 1898 341 1940 tua
350 1890 479 1944 sanctitas
493 1889 661 1950 ‚venerande
673 1890 789 1962 praesul,

295 1975 432 2036 iniunxit.
451 1979 479 2032 in
497 1977 590 2050 primic
608 1977 789 2034 admonendus

294 2072 338 2116 ert
351 2082 406 2118 uon
422 2067 508 2120 aulum
529 2067 558 2120 in
581 2065 625 2121 hir
647 2065 791 2123 versibus.

292 2152 340 2205 ted
360 2163 389 2206 et
409 2152 438 2206 iu
467 2155 560 2210 multiu
583 2154 648 2209 lucia
672 2153 791 2210 eiuadem

295 2240 382 2311 operis
397 2277 405 2300 .
422 2242 497 2312 quud
517 2243 706 2298 eoueoluticuir
726 2242 791 2315 plri-

295 2329 431 2401 loeophiae
439 2329 520 2384 titulo
527 2340 789 2402 praenotatorum·

295 2417 791 2493 damcatlroliceefldeicuntrarirrep-

227 2519 229 2524 ·
295 2506 377 2577 periri
398 2526 406 2558 c
430 2507 506 2578 quod
523 2508 585 2562 ideo
606 2507 703 2562 anirum
723 2519 789 2568 eet.

296 2592 363 2662 quir
379 2593 499 2648 libellum
518 2593 653 2664 quendam
671 2595 790 2650 eiucdem

297 2681 415 2736 auctoris
435 2683 468 2736 de
484 2693 579 2738 cancta
595 2682 720 2738 trinitate
732 2686 791 2741 ral-

297 2768 330 2823 dc
339 2769 502 2840 precularum
511 2771 564 2840 legi
575 2806 583 2829 ‚
594 2781 623 2825 ct
636 2771 717 2826 elium
726 2789 792 2828 cun-

297 2866 340 2908 tre
357 2856 497 2926 Eutychen
514 2869 541 2912 et
552 2857 706 2914 Nestorium
722 2859 791 2915 hae·

298 2942 411 3003 reticos,
423 2961 490 3014 quor
503 2941 538 2996 rb
553 2944 645 2998 eudem
656 2962 713 3001 euro
725 2963 788 3002 cou-

298 3031 411 3104 scriptoc
428 3068 437 3090 ‚
456 3033 581 3105 quinquie
595 3033 656 3088 eliis
674 3035 732 3090 ciue
753 3035 789 3088 li-

300 3117 355 3174 brir
368 3118 488 3188 legendis
512 3137 618 3192 operum
639 3121 787 3194 impendit.

298 3219 331 3263 ut
346 3225 395 3278 ego
420 3207 455 3262 rb
473 3208 655 3265 adolescentie
669 3209 737 3270 ieci.
754 3226 789 3265 ex

299 3297 357 3367 ipeo
374 3295 503 3365 elegantis
516 3295 574 3350 utili
592 3297 709 3366 quodam
725 3315 789 3369 pru-

296 3383 357 3456 priu
375 3383 486 3443 nitore,
504 3382 688 3440 indubitanter
706 3403 788 3458 agno·

296 3472 363 3526 ecit.
382 3471 461 3543 Quod
481 3482 571 3527 tumen
594 3483 738 3544 utcumque
761 3490 791 3527 ee

298 3555 399 3612 haheat
414 3593 421 3615 .
438 3547 540 3612 certum
554 3569 672 3616 osteum
695 3561 724 3614 iu
745 3559 789 3614 his

297 3644 374 3699 lihr'u
395 3645 464 3699 nihil
478 3646 512 3700 de
528 3646 650 3702 doctrine
667 3647 790 3702 ecclesie·

298 3731 366 3786 tticu
378 3731 543 3804 dirputeate.
555 3734 602 3788 ced
615 3745 720 3790 tentum
729 3735 788 3806 plri-

299 3819 465 3892 lcruphoruru
488 3831 517 3875 et
537 3823 650 3876 maxime
668 3822 786 3894 plutoni·

301 3924 391 3964 rarum
413 3908 537 3978 dossmeta
558 3909 705 3982 legentffiua
721 3929 787 3985 ape-

836 1449 904 1505 bit.

874 1538 892 1604 4
910 1538 993 1610 oqui
1007 1545 1138 1612 perpetua
1151 1541 1279 1597 mundum
1289 1559 1338 1598 ra·

948 1628 1023 1684 tione
1038 1629 1169 1698 gubernet

913 1715 1055 1771 Terrarum
1070 1720 1193 1792 crelique
1208 1731 1293 1778 catur.
1302 1721 1338 1776 lit

949 1804 1066 1875 reliqua.

843 1889 971 1961 Quamvis
989 1890 1035 1944 lric
1048 1903 1121 1947 tator
1138 1911 1187 1965 pro
1200 1895 1339 1952 conditore

845 1993 899 2031 uun
907 1976 1014 2048 proprie
1027 1979 1074 2032 red
1084 1980 1262 2052 metaplrorioe
1270 1984 1340 2054 puci-

847 2072 904 2116 tum
912 2063 1034 2119 rideatur
1042 2100 1050 2122 .
1059 2067 1207 2122 tumenlroc
1219 2077 1340 2122 auctorer

846 2147 887 2202 ita
899 2147 1052 2219 frequenter
1068 2160 1195 2206 utuntur.
1215 2153 1292 2208 Unde
1310 2164 1340 2209 et

846 2238 976 2307 Virgilius
993 2239 1023 2293 in
1035 2238 1164 2295 bucolicis
1173 2243 1265 2298 cauit:
1280 2259 1339 2296 mu-

846 2342 926 2395 tuum
933 2344 979 2398 per
988 2327 1067 2382 inrue
1076 2339 1168 2383 euecta
1176 2330 1277 2384 ceruina
1283 2341 1340 2386 ter-

845 2407 1157 2485 rarumquc'unimaequo
1164 2415 1298 2486 marisque
1312 2426 1341 2468 et

843 2499 944 2572 liquidi
957 2501 1036 2556 simul
1058 2502 1136 2572 ignie-
1152 2505 1221 2572 Ergo
1239 2504 1263 2558 ei
1284 2504 1339 2558 cle-

844 2601 993 2648 mentorum
1012 2590 1122 2646 erordiu
1148 2603 1219 2647 recte
1238 2591 1339 2648 romine

847 2676 1001 2736 dicuntur.
1023 2689 1094 2734 recte
1118 2677 1201 2735 etiam
1223 2680 1339 2754 iptorum

846 2767 988 2823 conditor.
1004 2777 1077 2822 rator
1101 2768 1258 2841 appellatur.

881 2850 899 2909 5
918 2853 1002 2924 „Qui
1016 2865 1147 2927 tempus„
1159 2854 1340 2929 etcdpptret

846 2939 876 2994 in
894 2939 936 2994 lrie
949 2939 1037 2996 verbio
1056 2942 1127 2996 nihil
1147 2943 1222 3000 uliud
1237 2944 1343 3014 tiguill-

846 3026 902 3079 cari
924 3026 979 3080 nisi
1004 3031 1191 3087 aeternitatem
1213 3030 1341 3088 immuta·

845 3111 1034 3184 bilitatemquc
1046 3117 1173 3172 creatoris
1185 3153 1193 3176 .
1213 3128 1342 3191 tempora·

844 3201 1261 3262 litrtemreroetmutrbilitatem
1270 3225 1342 3264 crcu-

845 3299 934 3346 turue:
948 3309 1010 3346 num
1024 3309 1118 3350 acrum
1133 3306 1241 3366 propter
1251 3307 1340 3352 aeter-

845 3379 958 3434 nitutem
977 3380 1078 3452 potuit·
1095 3380 1236 3454 deprimo
1252 3385 1343 3440 ruen-

846 3465 911 3519 dum
922 3465 1095 3540 philosophos
1116 3469 1155 3524 ita
1172 3470 1296 3526 definiere
1310 3482 1342 3529 ιιι

844 3555 882 3611 eit
906 3565 1042 3610 ueternum
1066 3558 1141 3628 quud
1162 3575 1212 3614 uec
1232 3560 1344 3615 initium

844 3644 985 3698 uecllneur
999 3641 1343 3718 lrrbehlrocertueciug·

843 3731 912 3804 cipit
933 3748 982 3788 nec
1004 3730 1124 3786 decinit.
1150 3732 1231 3804 Quod
1253 3744 1342 3793 eutem

845 3821 942 3894 incipit
955 3829 984 3876 et
999 3839 1053 3876 nun
1074 3820 1196 3882 deluit.
1213 3822 1261 3879 ted
1282 3843 1343 3881 ma-

843 3920 892 3968 ret
910 3910 1075 3971 immortale,
1093 3910 1281 3986 sempiternum
1299 3932 1341 3970 vu·
