3638 5332
529 609 593 686 352
795 615 1221 681 cassianensi

483 781 626 868 Deum
649 772 863 861 credamus
892 805 968 889 pro
996 805 1069 860 sua
1098 776 1314 861 voluntate
1343 775 1547 890 dispone-

485 925 552 996 re,
574 911 617 976 et
635 889 835 976 vanitates
856 887 1010 974 saeculi
1033 911 1272 1002 respuentes
1290 911 1414 1086 atpue
1433 889 1547 975 dam-

484 1025 685 1137 pnantes,
709 1002 1010 1134 scripturarum
1039 1001 1276 1087 divinarum
1304 1004 1333 1086 li
1366 1035 1452 1098 ros,
1482 1005 1569 1090 εἰ·-Χ

486 1140 557 1205 cut
586 1149 629 1201 rn
688 1145 793 1198 nmo
822 1113 1035 1199 volumine
1065 1113 1131 1232 (ι)
1163 1114 1325 1200 dictum
1354 1137 1438 1220 est,
1466 1147 1548 1202 scr-

484 1253 583 1319 vato
613 1147 757 1313 ordine
787 1226 932 1314 sedulo
952 1250 1279 1342 perscrutemur,
1300 1251 1348 1315 ut
1370 1261 1478 1348 quae
1500 1227 1546 1312 il·

484 1345 515 1430 li
544 1365 713 1460 propter
741 1340 940 1425 humanas
969 1340 1113 1429 laudes
1136 1341 1339 1428 inhianter
1368 1363 1547 1456 appete-

485 1491 529 1545 re
558 1458 635 1542 visi
663 1476 780 1560 sunt,
809 1485 883 1539 nos
914 1452 967 1537 ad
990 1457 1181 1541 creatoris
1203 1454 1379 1572 gloriam
1397 1478 1545 1540 cuncta

485 1569 732 1671 referentes,
759 1567 920 1652 utiliter
948 1566 1002 1652 ad
1030 1597 1206 1683 superna
1234 1573 1427 1684 mysteria
1456 1599 1545 1683 per·

485 1686 701 1770 ducamus.
731 1681 790 1766 Et
818 1679 940 1776 ideo,
969 1682 1077 1766 sicut
1104 1681 1251 1768 beatus
1289 1684 1546 1800 Augustinus

484 1798 589 1884 dicit
618 1817 659 1882 et
683 1793 753 1878 alii
772 1792 1003 1880 doctissimi
1021 1819 1183 1910 patres,
1204 1797 1428 1910 scripturae
1450 1826 1547 1880 sae-

486 1912 642 1996 culares
671 1939 755 1992 non
783 1906 939 1992 debent
968 1910 1118 2022 respui.
1149 1909 1306 2023 Legem
1345 1940 1444 1998 vero
1472 1908 1547 1992 di-

486 2027 627 2110 vinam
649 2021 868 2124 convenit,
894 2023 1001 2106 sicut
1018 2023 1220 2136 scriptum
1250 2042 1339 2128 cst,
1367 2023 1435 2106 die
1454 2053 1550 2106 noc-

486 2161 619 2256 tuque
641 2134 859 2238 meditari,
876 2138 973 2252 quia
989 2135 1103 2220 illinc
1120 2137 1227 2220 inter
1244 2132 1307 2250 (a)
1331 2136 1470 2254 aliqua
1487 2167 1548 2220 re·

486 2282 582 2338 rum
602 2250 775 2334 honesta
804 2249 950 2332 notitia
981 2271 1268 2364 comparatur,
1287 2250 1384 2334 hinc
1406 2273 1547 2335 autem

488 2388 652 2451 aeterna
680 2363 766 2448 vita
793 2363 1032 2475 percipitur.

543 2479 581 2565 5.
611 2477 654 2562 Si
685 2475 778 2608 quis
808 2505 905 2559 vero
928 2474 1092 2560 caelesti
1123 2505 1262 2562 amore
1284 2477 1547 2572 flammatus,

486 2614 530 2680 et
559 2613 726 2676 terrenis
756 2585 970 2673 desideriis
1000 2610 1171 2693 exutuS,
1202 2621 1396 2705 supernas
1419 2588 1548 2673 virtu-

486 2729 548 2792 tes
578 2700 785 2788 desiderat
813 2699 994 2804 intueri,
1022 2703 1153 2786 sancti
1183 2704 1374 2788 Iohannis
1406 2732 1549 2899 apoca-

486 2818 624 2934 lypsin
652 2813 784 2930 legat,
814 2835 854 2898 et
882 2814 954 2897 illa
988 2817 1337 2928 contemplatione
1368 2816 1419 2899 de
1437 2847 1549 2918 rxus,

379 2941 386 2948 '
489 2949 706 3046 cognoscat
728 2927 947 3010 dominum
964 2927 1202 3034 Christum,
1224 2930 1300 3048 qui
1317 2951 1431 3014 tanta
1449 2950 1551 3012 tam-

489 3076 573 3164 que
603 3037 779 3126 mirifica
815 3071 939 3153 opera
977 3039 1237 3156 providentia
1277 3044 1550 3158 excogitavit,

487 3157 645 3244 ratione
676 3155 907 3270 disposuit,
936 3154 1088 3240 virtute
1116 3153 1312 3270 perfecit,
1340 3185 1450 3240 nunc
1471 3156 1551 3268 spi-

488 3273 571 3358 ritu
601 3271 744 3355 divino
766 3287 1020 3371 sustentare,
1039 3289 1243 3380 potestate
1265 3292 1447 3371 terrere,
1467 3269 1552 3382 pie-

489 3407 574 3470 tate
595 3381 824 3486 moderari,
846 3379 1241 3496 inexcogitabiliter,
1263 3382 1551 3482 ineffabiliter,

489 3517 532 3584 et
561 3496 665 3582 nulli
695 3495 765 3580 alii
794 3492 1031 3610 plenissime
1064 3516 1184 3580 notus
1214 3527 1342 3612 quam
1371 3497 1459 3608 ipse
1490 3495 1552 3578 si-

475 3611 546 3720 ,bi.
570 3611 803 3726 Cognoscet
825 3608 951 3690 etiam
974 3608 1017 3691 in
1041 3605 1186 3692 throno
1208 3609 1432 3693 maiestatis
1456 3637 1553 3692 suae

488 3723 773 3828 residentem,
812 3752 886 3835 per
926 3721 1092 3836 angelos
1131 3743 1294 3807 sanctos
1336 3718 1553 3804 ecclesiam

593 3869 640 3941 (ι)
659 3867 712 3939 Qui
733 3865 887 3922 inscribitur
906 3867 940 3920 dc
959 3869 1140 3921 institutione
1155 3867 1318 3920 dr‘zu'narunr
1338 3869 1520 3924 litterarum.

522 3957 572 4012 nbi
588 3972 680 4028 reapse
698 3954 803 4010 divinos
820 3952 902 4007 libros
920 3963 1035 4008 recenset
1053 3953 1199 4010 ordinatim
1217 3953 1413 4010 Cassiodorius.

594 4043 635 4120 (a)
653 4043 768 4100 Videtur
787 4041 962 4099 omittendum
978 4044 1065 4095 iuter.

1677 841 1685 876 Ι
