3630 5338
629 641 704 710 ,DE
726 635 964 708 MERCURIO·

326 808 357 896 7ss
371 821 433 873 Neu
445 817 584 870 abhorreas
601 812 674 884 quod
699 811 774 862 iuxta

289 914 423 966 stellarum
446 919 531 962 status
551 920 672 978 prospers
697 898 775 953 uobis

289 1001 331 1052 vel
351 1000 460 1054 adverso
481 995 606 1048 dicontur
623 986 776 1043 destineri.

288 1086 368 1140 Fides
391 1082 520 1138 catholice
536 1078 610 1149 quod
630 1092 693 1130 sene
713 1091 776 1126 sen-

290 1173 326 1225 tit
339 1210 346 1229 .
357 1171 503 1224 firmissime
514 1165 696 1236 amplectatur.
709 1161 776 1214 Geu-

290 1258 378 1310 tilium
389 1270 476 1310 tomen
489 1253 579 1325 opinio
593 1248 689 1308 hebet,
703 1256 775 1298 sctu-

290 1365 333 1398 uto
342 1355 568 1417 proventuumque
574 1351 719 1394 nostrorum
729 1347 774 1388 vs·

289 1432 399 1485 rietates
412 1431 452 1486 sel
468 1430 495 1483 vi
513 1441 539 1482 et
554 1435 686 1499 potestate
701 1423 778 1477 side·'

289 1533 347 1569 trun
364 1518 468 1570 evenire
492 1516 555 1575 ,vel
576 1513 610 1566 ab
638 1511 702 1582 ipsis
719 1511 774 1562 sire

289 1605 437 1658 scientibus
449 1605 506 1658 sive
517 1603 612 1672 ignaris
623 1599 714 1672 procul
727 1599 775 1650 <lu-

291 1694 337 1748 blo
357 1693 490 1760 designari
510 1725 518 1741 ·
538 1692 573 1745 Ut
593 1702 621 1743 ot
644 1705 703 1741 sves
727 1703 774 1739 seu

288 1778 504 1851 praetervolanda
526 1795 571 1830 seu
588 1775 684 1829 stando
702 1772 773 1825 totti-

289 1886 321 1920 ru
345 1868 439 1939 pennis
468 1867 508 1920 vel
534 1882 596 1920 voce
623 1861 773 1930 significent

291 1955 443 2008 nescientes·
453 1955 505 2006 Nee
516 1952 609 2002 mirum
619 1959 720 2002 nostras
732 1948 771 2000 si-

291 2037 772 2108 derihususcrihidispositiones·‚corn

290 2145 377 2182 ornnes
395 2126 457 2178 dum
474 2127 588 2179 vivimus
604 2125 692 2177 omnia
708 2122 773 2192 ipsis

289 2215 399 2286 physico
421 2213 524 2266 tutione
541 2209 699 2264 debeamus·
719 2209 773 2262 ttec

291 2322 360 2357 nune
377 2303 483 2374 quidem
501 2299 672 2352 christianam
691 2298 717 2351 in
729 2298 773 2351 his

289 2393 426 2446 veritatem
436 2427 444 2447 .
455 2383 502 2442 setl
518 2388 676 2456 gentilitatis
689 2405 774 2457 expo·

285 2499 325 2534 no
341 2479 479 2550 opiniones
490 2488 516 2530 et
530 2480 662 2544 figmento.
673 2475 773 2529 Dicunt

1219 653 1284 736 ¹37

828 806 1021 874 quodammodo
1038 807 1175 868 luctatur,
1195 823 1223 868 et
1235 814 1313 883 qussi

827 905 961 950 concertat
972 932 980 953 .
993 896 1067 949 illurn
1080 915 1202 969 superero
1212 904 1310 958 solens:

827 997 928 1052 semper
942 983 1013 1036 enirn
1030 1001 1088 1036 curu
1106 987 1159 1040 sole
1173 989 1311 1055 graditur..

826 1087 969 1138 numquam
984 1070 1018 1122 ab
1036 1090 1068 1126 eo
1087 1075 1199 1146 amplius
1217 1075 1312 1128 dlxx.

826 1156 929 1212 duobus
937 1159 1058 1230 passibus
1066 1161 1168 1218 distans
1180 1163 1232 1238 (α).
1242 1165 1312 1219 uude

826 1256 854 1298 et
871 1263 930 1300 roro
948 1247 1076 1302 cernitur.
1091 1249 1191 1304 Fuieus
1205 1265 1312 1324 propter

827 1330 946 1384 ardorem
963 1333 1025 1385 solis
1042 1333 1204 1404 depingitur·
1214 1337 1268 1390 ttec
1287 1347 1314 1391 te
1333 1387 1334 1390 ,

826 1415 909 1471 loteat
919 1454 926 1474 ,
938 1437 985 1488 pro
1003 1420 1119 1475 locorum
1137 1422 1311 1480 otiositate.

827 1504 912 1574 ipsum
930 1525 1036 1577 quoque
1048 1519 1075 1562 et
1090 1508 1195 1563 diverse
1207 1514 1314 1565 nonina

826 1602 853 1644 et
871 1593 986 1648 diversos
1004 1595 1095 1648 sortiri
1108 1598 1214 1664 effigies·
1225 1599 1312 1654 Vocu-

827 1689 870 1732 trtr
885 1681 954 1734 onim
973 1681 1107 1749 Cyllenius
1123 1703 1138 1735 s
1158 1697 1245 1740 moute
1258 1689 1313 1740 Ar·-

827 1769 918 1822 cudiae
936 1769 1047 1838 Gyllnno
1058 1807 1064 1828 .
1076 1770 1123 1823 ulti
1136 1773 1244 1848 fingitur
1261 1795 1313 1829 nu-

827 1869 892 1921 tusr
911 1859 1059 1914 Mercurios
1079 1877 1095 1912 s
1112 1863 1314 1930 negotiationes

825 1949 907 2002 Areos
926 1948 960 2000 sb
981 1947 1104 2003 Arcutlio.
1115 1950 1251 2020 Proprium
1270 1971 1313 2006 ve·

826 2053 854 2088 ro
872 2053 965 2088 nomeu
982 2037 1039 2088 eius
1057 2047 1097 2092 est
1115 2039 1201 2110 Κύριος
1213 2073 1219 2096 .
1231 2039 1259 2092 id
1271 2049 1313 2095 e'st

826 2121 957 2174 dominus.
966 2123 1083 2176 Eundem
1097 2126 1178 2178 etism
1194 2130 1313 2181 nonnulli

825 2210 981 2279 prudentiae
994 2213 1071 2266 deum
1083 2214 1194 2279 volunt3
1207 2218 1312 2272 undeet

826 2299 987 2352 Mercurium
999 2319 1054 2354 esse
1064 2303 1157 2358 dicunt
1166 2340 1172 2359 .
1182 2306 1230 2374 qul
1241 2308 1311 2376 apud

826 2387 970 2458 Aegyptios
981 2390 1068 2460 cupito
1078 2392 1173 2445 curtino
1181 2393 1312 2462 pinsitum

828 2475 887 2528 irleo
897 2477 1018 2530 videlicet
1030 2514 1038 2534 ,
1049 2479 1114 2548 quis
1123 2497 1187 2533 esne
1196 2481 1261 2534 nilttl
1273 2493 1313 2536 est

288 2585 401 2636 natuque
422 2583 469 2620 nos
488 2583 546 2616 curn
564 2565 636 2616 nosci
656 2563 773 2636 cooperi·
825 2564 1223 2636 sagaciusttamquodttscuba
1235 2568 1313 2622 inca·

289 2673 363 2710 urus,
381 2673 397 2706 a
410 2653 467 2706 Sole
485 2652 608 2722 spiritum
626 2650 715 2704 sortiri
730 2686 738 2707 .
759 2667 774 2702 s
827 2667 886 2703 nem
896 2668 970 2704 versu
982 2653 1106 2718 fingitur,
1120 2653 1153 2706 ot
1167 2653 1242 2706 eliud
1251 2673 1312 2725 sps-

289 2745 364 2796 Lutto
383 2757 476 2813 corpus
494 2773 502 2796 ,
526 2756 541 2790 a
561 2739 647 2792 Murte
664 2736 773 2805 saugui—
825 2735 889 2791 etot.
901 2737 1045 2820 ldeoenlm
1059 2738 1086 2792 in
1097 2737 1311 2806 snimollotrsbi·

290 2847 351 2882 nem
371 2865 378 2886 .
398 2847 413 2881 tt
432 2827 563 2882 Mercurio
581 2827 734 2895 ingenium.
757 2843 772 2878 e
825 2824 849 2877 le
867 2823 1011 2878 deformata
1029 2824 1128 2896 dicitur
1141 2863 1148 2883 .
1162 2827 1236 2896 quod
1253 2846 1313 2885 cum

287 2921 352 2972 love
366 2919 459 2972 horum
480 2915 662 2972 desiderium.
685 2915 772 2967 aVe-
824 2914 930 2984 captivo
959 2914 1098 2968 duceretur
1118 2951 1127 2974 ‚
1150 2927 1179 2972 et
1204 2917 1252 2972 lilii
1271 2921 1313 2973 sui
1369 2961 1372 2968 .

285 3023 349 3060 nere
370 3003 531 3074 cupiditates
542 3021 575 3060 ,a
593 3005 706 3056 Ssttrrno
724 3003 773 3054 hu·
825 3001 947 3069 Polydori
967 3019 982 3052 a
1000 3003 1177 3070 Polymestore
1196 3018 1226 3060 ut
1246 3008 1312 3076 legi.

288 3109 479 3162 moremquue
491 3091 579 3145 onmia
591 3091 701 3157 siugulis
715 3091 773 3144 retl-
826 3098 868 3140 tur
887 3090 967 3142 ocoisi
994 3092 1106 3145 euduver
1133 3097 1308 3160 agnovisset.

288 3182 349 3233 dere
357 3189 478 3232 usserunt
490 3180 627 3230 extinctos.
639 3177 693 3230 Alii
708 3177 773 3230 bueo
824 3195 888 3246 prae
906 3177 987 3230 nirnio
1000 3179 1089 3232 tlttlore
1104 3180 1217 3235 inaniter
1232 3185 1314 3238 Grue-

287 3268 367 3339 poulo
396 3267 472 3320 ultter
501 3278 529 3320 et
560 3265 688 3338 prolixius
716 3279 772 3320 tru·
825 3265 863 3318 cis
881 3265 1162 3322 convitiabatur.8soe
1172 3271 1265 3324 Cicero
1284 3273 1313 3324 in

288 3357 366 3410 duot-
379 3355 427 3407 llic
437 3367 464 3408 et
474 3355 540 3407 illud
553 3355 701 3408 servianum
715 3357 772 3409 sul·
824 3351 899 3404 libris
918 3354 952 3405 de
971 3365 1066 3406 nutura
1090 3355 1197 3408 deorum
1223 3358 1312 3428 plures

287 3444 361 3496 llciut
379 3441 429 3514 (ι).
825 3442 892 3495 dicit
910 3461 967 3496 esse
984 3445 1136 3500 lllereurios·
1148 3447 1199 3500 Sed
1219 3448 1246 3500 iu
1266 3465 1310 3500 ro·

281 3549 284 3556 ⁴
322 3528 349 3584 8.
368 3529 444 3597 Quod
450 3530 594 3600 palaestrae
605 3528 725 3582 inventor
737 3529 773 3582 sit
826 3532 899 3587 tione
916 3533 1022 3586 ‹leorurn
1042 3532 1149 3588 lubulse
1160 3539 1311 3606 sequendae

287 3621 451 3676 Mercurius,
471 3619 529 3670 ideo
540 3623 629 3671 llcturn
644 3619 712 3670 dicit
726 3621 771 3672 lle·
825 3631 889 3676 sunt
898 3659 905 3678 .
915 3623 979 3692 quie
993 3623 1089 3676 veritos
1107 3623 1257 3691 ignoratur.

286 3708 383 3774 migius
394 3743 400 3764 .
410 3707 474 3777 quis
489 3707 564 3759 stella
578 3706 635 3759 eius
647 3723 706 3758 curu
719 3707 771 3762 sole
858 3727 885 3783 9.
904 3711 1034 3764 Traditur
1051 3711 1077 3765 iu
1093 3711 1184 3766 eodem
1196 3712 1311 3768 volumi·

314 3862 352 3920 (t)
370 3851 461 3920 tienne
479 3863 591 3922 proediets
614 3869 725 3908 sententis
746 3867 773 3910 de
851 3869 890 3932 (π)
908 3845 1039 3918 υῑίυηηι,ὀ
1053 3868 1238 3928 ιιγΙΙιομιρΙιι,
1254 3872 1312 3916 ltstte

285 3941 380 3983 hominis
397 3943 516 3983 nativitato
534 3971 540 3989 ,
558 3958 615 4001 qttnt·
632 3954 683 3987 sttui
702 3948 767 3990 tuln
819 3966 865 3994 wu
875 3947 995 4006 astrologis
1009 3945 1138 3988 tturrsurlant
1152 3952 1310 4004 permisisses,

284 4021 356 4064 seuit
372 4017 399 4061 nl
416 4035 464 4063 surr.
477 4023 514 4062 xl·
527 4017 563 4066 51·
818 4027 879 4088 quod
890 4025 912 4070 ll.
922 4021 942 4070 5·
951 4023 1074 4086 prrulrulsr
1086 4023 1161 4071 l'seisti
1174 4021 1181 4076 l
