3630 5334
510 665 593 739 &t
859 685 1134 740 torrarr

470 891 540 978 gra
555 861 600 944 in
614 855 941 946 demonstrativo
957 853 1025 942 vel
1037 853 1323 945 deliberativo.
1334 859 1417 944 Sed
1431 859 1534 948 haec

469 1002 619 1092 genera
644 993 743 1060 sunt
782 999 1037 1058 causarum:
1068 1000 1213 1058 omnes
1246 974 1359 1058 enim
1384 1002 1535 1062 causae

469 1087 538 1173 vel
557 1085 752 1200 speciales
773 1083 841 1170 vel
859 1081 1100 1170 individuae
1121 1083 1199 1170 sub
1227 1085 1375 1172 horum
1399 1117 1534 1173 unum

472 1201 597 1284 trium
624 1225 824 1316 generum
846 1195 1024 1283 cadunt:
1045 1219 1095 1281 ut
1114 1197 1192 1284 sub
1214 1197 1406 1283 iudiciale
1428 1203 1533 1318 qui-

471 1311 569 1398 dem
596 1309 829 1431 speciales,
859 1333 906 1396 ut
931 1311 1155 1398 maiestatis
1186 1311 1257 1398 vel
1289 1312 1535 1428 repetunda·

470 1423 849 1530 rum3individuae
886 1455 1015 1528 vero,
1047 1448 1095 1510 ut
1123 1423 1306 1510 Cornelii
1332 1427 1534 1512 maiesta-

470 1540 555 1642 tis,
580 1539 647 1624 vel
669 1539 807 1623 Verris
842 1535 1179 1651 repetundarum.
1213 1537 1420 1644 Cadunt,
1453 1540 1534 1624 sub

469 1651 790 1738 deliberativum
816 1681 914 1735 vero
945 1679 1237 1768 quaecumque
1264 1681 1412 1737 causae
1443 1680 1537 1738 con·

468 1765 735 1852 saltationem
764 1763 947 1868 habent,
980 1785 1029 1847 ut
1049 1769 1083 1850 si
1106 1764 1337 1896 specialiter
1358 1765 1534 1880 accipias

469 1878 656 1973 debello
688 1879 756 1966 vel
776 1907 906 1994 pace:
929 1879 965 1963 si
990 1905 1088 1962 vero
1120 1877 1363 1970 individuae
1386 1901 1462 1983 ,ut
1482 1879 1537 1965 de

466 1991 580 2078 bello
611 1991 754 2107 Pyrrhi
789 1991 856 2077 vel
891 2019 1005 2106 pace.
1039 1989 1206 2074 Eodem
1243 1991 1533 2080 modoetiam

435 2155 440 2178 ·
467 2110 511 2192 in
528 2107 861 2196 demonstrativis
883 2133 1176 2220 quaecumque
1192 2105 1363 2190 veniunt
1384 2106 1427 2187 in
1447 2107 1533 2192 lau·

466 2221 565 2308 dem
593 2243 636 2306 et
670 2223 1044 2335 vituperationem:
1068 2239 1118 2301 ut
1142 2217 1177 2302 si
1205 2216 1465 2332 specialiter,
1485 2243 1536 2304 ut

466 2337 555 2422 laus
588 2337 666 2420 viri
699 2333 840 2436 lortis;
871 2331 1110 2415 individuae
1135 2361 1233 2416 vero
1257 2330 1346 2418 laus
1366 2331 1537 2446 Scipio-

466 2453 561 2551 nis,
595 2449 673 2534 sub
712 2445 1085 2532 demonstrativum
1113 2443 1282 2528 cadunt·

523 2563 550 2645 3
580 2561 754 2645 Materia
775 2589 873 2644 vero
900 2558 1024 2642 huius
1052 2555 1258 2643 facultatis
1280 2579 1341 2643 est
1362 2562 1526 2660 ,omnis

465 2674 641 2794 quidem
672 2703 735 2758 res
755 2672 965 2787 proposita
987 2669 1040 2754 ad
1061 2669 1288 2755 dictionem
1309 2709 1321 2771 ς
1352 2671 1436 2757 sere
1460 2703 1530 2758 au·

465 2813 551 2874 tem
579 2787 709 2874 civilis
738 2787 940 2904 quaestio.
963 2785 1010 2867 ln
1034 2784 1140 2866 hanc
1170 2787 1325 2895 species
1345 2815 1367 2867 a
1386 2787 1533 2871 rheto-

464 2907 547 2986 rica
580 2901 790 2986 venientes
815 2900 932 3014 quasi
956 2896 1162 3012 quaedam
1184 2899 1339 2982 formae
1361 2899 1529 3014 capiunt

462 3017 543 3102 sibi
571 3017 814 3118 materiam,
842 3033 884 3096 et
920 3011 1135 3124 tripliciter
1168 3008 1431 3098 informatam
1458 3033 1528 3096 te-

469 3151 569 3215 nent
590 3125 721 3244 figura
742 3187 755 3234 ,
776 3123 892 3242 quod
913 3125 1115 3237 posterius
1149 3123 1330 3242 liquebit
1353 3159 1363 3210 ε
1386 3147 1434 3210 ut
1455 3126 1529 3208 ci-

444 3243 554 3331 'vilis
579 3244 767 3361 quaestio
783 3269 894 3440 quae
921 3236 1056 3321 adhuc
1079 3236 1265 3322 informis
1293 3238 1525 3324 secundum

462 3361 618 3494 species
641 3378 761 3454 erat,
815 3377 857 3440 at
889 3371 1058 3463 accepto
1089 3343 1172 3434 fine
1189 3352 1417 3468 unicuique
1438 3382 1527 3465 spe-

464 3499 621 3557 cterum
638 3469 865 3554 rhetoricae
888 3465 1086 3552 subiecta.
1102 3465 1163 3550 Ut
1185 3463 1371 3550 informis
1394 3463 1527 3549 adhuc

464 3586 596 3672 civilis
623 3585 810 3698 quaestio
844 3641 858 3686 ,
892 3609 990 3664 cum
1020 3579 1223 3690 acceperit
1258 3611 1307 3664 ex
1341 3577 1527 3663 iudiciali
1652 3629 1654 3636 ‹

463 3696 592 3784 linem
626 3699 762 3800 iusti,
790 3693 863 3782 fiat
889 3696 975 3807 ipsa
1000 3691 1131 3776 civilis
1165 3693 1352 3807 quaestio
1384 3694 1428 3775 in
1453 3695 1527 3776 iu-

461 3811 602 3895 diciali
633 3840 780 3924 genere
812 3807 1047 3892 constituta.
1071 3804 1179 3890 Cum
1207 3835 1304 3888 vero
1337 3837 1386 3890 ex
1411 3805 1527 3890 deli-

461 3925 647 4010 berativo
669 3923 891 4035 sumpserit
917 3918 1020 4004 utile
1054 3917 1119 4002 vel
1146 3918 1368 4004 honestum
1390 3975 1403 4022 ,
1425 3939 1525 4002 tunc

461 4033 536 4122 fiat
560 4039 648 4153 ipsa
673 4037 805 4122 civilis
833 4034 1020 4152 quaestio
1053 4033 1095 4114 in
1129 4029 1401 4119 deliberativo
1431 4061 1523 4117 cau·
