3666 5338
729 648 855 716 LIBER
878 647 921 714 ΙΙ.
1286 658 1325 722 55

372 821 428 880 151·
448 821 487 873 De
505 813 596 870 monili
615 813 780 867 llermionae.
861 823 913 866 tres
925 812 1034 866 thebani
1050 831 1158 881 regnum
1171 817 1265 886 partiti
1279 819 1329 872 hoc

860 900 983 970 pepigere
1004 899 1110 959 locrius,
1134 913 1165 954 ut
1187 921 1254 957 unus
1275 924 1328 959 uno

361 939 550 1050 Hermione.
570 1007 639 1060 quae
658 1006 690 1041 ex
711 987 806 1042 Martis
862 1003 929 1038 annu
959 1005 1066 1056 regnum
1096 988 1234 1048 haberet.
1264 993 1330 1046 alter

340 1099 368 1140 et
385 1080 496 1134 Veneris
516 1077 648 1131 adulterio
667 1087 732 1129 nata
750 1087 804 1132 est.
859 1074 946 1143 patria
957 1073 1060 1138 exiret3
1080 1093 1164 1146 usque
1182 1077 1245 1130 dum
1260 1097 1328 1135 eona·

339 1188 398 1225 cum
416 1170 551 1243 praedicto
570 1167 671 1220 Cadmo
689 1167 806 1234 iungere·
859 1161 931 1231 picto
949 1181 1019 1217 annu
1030 1183 1154 1236 ‚regnum
1173 1179 1264 1238 postea
1281 1169 1329 1222 ha-

340 1269 384 1311 tur
400 1257 586 1313 matrimonio.
604 1271 711 1307 aureum
725 1255 807 1306 moui·
861 1249 941 1304 beret·
961 1254 992 1306 ln
1007 1255 1092 1325 primo
1108 1258 1192 1325 igitur
1202 1277 1270 1313 anno
1281 1261 1329 1313 Pu-

339 1347 363 1399 le
377 1346 492 1397 Vulcani
509 1342 703 1415 accepitdono‚
716 1340 805 1393 huius·
861 1338 951 1393 linices
975 1341 1060 1396 minor
1084 1344 1163 1398 frater
1187 1346 1325 1401 dimittens

340 1433 411 1486 modi
431 1433 538 1487 venenis
557 1430 693 1486 iniectum,
713 1439 743 1481 ut
763 1447 806 1480 ne-
860 1444 985 1496 regnurn‚
1008 1440 1111 1500 etpost
1134 1451 1231 1484 aunum
1263 1434 1328 1486 illud

338 1537 409 1573 cesse
426 1530 493 1574 esset
511 1519 560 1572 hoc
579 1535 670 1570 aurum
690 1517 803 1586 gestanti
859 1527 995 1586 repetens.
1017 1537 1032 1571 a
1057 1518 1137 1573 iratre
1153 1521 1204 1593 ipsi
1225 1533 1266 1575 est
1282 1541 1329 1576 ne-

339 1625 537 1679 aerumpnarum
556 1604 668 1660 molibus
681 1603 803 1677 obprimi·
858 1615 954 1670 gutum.
974 1607 1088 1661 Proinde
1104 1608 1163 1660 exul
1183 1609 1216 1662 ad
1236 1609 1325 1661 Adru-

337 1695 450 1763 Quantis
472 1697 542 1747 enim
561 1693 694 1747 veneficiis
713 1692 741 1744 id
760 1692 803 1762 ip-
857 1703 928 1745 stum
947 1710 1032 1761 regem
1048 1695 1204 1763 Argivorum
1221 1713 1322 1750 secon-

336 1803 393 1838 sum
427 1784 522 1838 monile
549 1782 693 1836 secundum
722 1779 802 1832 lahu·
823 1795 831 1812 ·
857 1781 942 1839 tulit,
965 1779 1057 1854 ibique
1088 1782 1186 1838 subeo
1213 1785 1328 1839 viriliter

334 1873 373 1926 las
393 1871 516 1926 iniectum
538 1869 637 1927 luerit,
664 1868 803 1920 Statiuse·
858 1871 991 1928 militans,
1008 1871 1065 1924 eius
1079 1871 1159 1924 liliam
1179 1873 1287 1942 Argiam
1298 1875 1325 1926 in

334 1959 516 2016 videntissimus
533 1956 803 2010 describitlinimre·
858 1960 993 2028 coniugem
1014 1961 1124 2032 accepit.
1149 1963 1242 2016 Postea
1266 1983 1327 2018 vero

335 2069 365 2102 ro
397 2049 537 2102 Hermiona
565 2058 592 2100 et
620 2045 733 2099 Cadmus
762 2046 804 2096 vir
859 2065 918 2100 curu
937 2046 1017 2100 irater
1035 2047 1086 2100 sihi
1105 2065 1328 2118 reversorcguurn

334 2141 392 2192 eius
413 2141 441 2190 in
467 2137 591 2189 dracones
611 2146 673 2188 sunt
691 2151 802 2188 conver·

334 2225 366 2278 si·
380 2225 482 2278 Deinde
498 2223 562 2275 illud
579 2222 680 2292 accepit
696 2221 802 2289 Agave.

335 2315 449 2384 quaein
479 2312 592 2365 furorem
618 2329 691 2364 versa
719 2311 801 2364 filium

333 2422 408 2457 suurn
425 2403 568 2456 Pentheum
582 2401 736 2456 trucidavit·
751 2403 801 2454 De·

336 2493 396 2545 inde
413 2491 527 2547 Semele.
547 2509 615 2560 quae
633 2493 732 2544 lunone
760 2508 802 2543 se-

334 2582 462 2636 ducente.
481 2578 620 2630 lulminata
639 2589 680 2630 est
698 2596 713 2630 a
733 2579 800 2630 love.

332 2669 435 2722 Deinde
445 2669 549 2721 Iocasta
560 2685 626 2720 uxor
638 2667 713 2724 Laii,
732 2685 801 2736 quae

335 2773 393 2808 curn
412 2755 466 2810 lilio
484 2773 533 2808 sno
551 2745 656 2824 Oeiiipo
679 2771 731 2806 rena
751 2753 802 2804 lra-

332 2841 414 2901 beus.
434 2843 496 2896 inde
516 2844 584 2896 lilios
606 2854 633 2897 et
651 2844 718 2896 filias
737 2861 802 2914 pro-

334 2932 443 2984 creavit·
465 2931 559 2985 Postea
580 2931 660 2998 Argia
690 2931 800 2986 Adrasti

334 3018 388 3070 lilia
404 3017 471 3084 regis
482 3055 489 3076 ,
502 3037 566 3071 uxor
576 3018 716 3076 Polinieis,
731 3037 800 3089 quae

334 3102 479 3156 thebanum
495 3103 592 3156 bellum
612 3106 670 3158 lieri
689 3123 800 3176 persua-

334 3190 379 3244 sit·
402 3189 501 3243 Ultimo
520 3201 606 3244 tamen
624 3191 743 3262 Eriphila
766 3211 800 3245 u-

333 3295 380 3329 xor
400 3276 556 3346 Amphiarai
584 3279 652 3331 vatis
680 3281 800 3350 accepit,

332 3379 401 3432 quae
411 3363 536 3415 maritum
547 3364 580 3416 ad
593 3361 688 3416 bellurn
702 3366 738 3419 ire
751 3386 799 3420 nu-

332 3450 429 3504 luntem
450 3449 587 3521 prodidit.
605 3462 634 3505 et
652 3469 734 3522 paene
758 3453 801 3506 in-

331 3536 417 3591 vitum
438 3536 478 3590 ire
496 3539 591 3606 eotgit.

370 3705 433 3766 152·⁸
453 3709 567 3764 Eteoclis
576 3747 583 3768 ,
593 3722 620 3765 et
631 3712 734 3766 Poliui-

412 3798 464 3855 eis.
481 3809 509 3852 et
528 3797 693 3871 Amphiarai.

365 3921 509 4036 Eteoclea
535 3993 563 4036 et
590 3985 718 4040 Polinices
743 3987 798 4040 lra-

858 2146 965 2204 negaret
976 2173 982 2193 .
996 2133 1093 2187 bellum
1107 2136 1211 2189 statuit:
1223 2135 1271 2190 uhi
1284 2138 1328 2189 la-

859 2233 943 2276 tatum
967 2232 1038 2279 erat.
1059 2222 1173 2292 quodsi
1198 2225 1328 2296 Amphia-

858 2329 919 2366 raus
950 2313 1070 2366 sacerdos
1096 2313 1124 2364 in
1156 2312 1225 2367 bello
1255 2325 1325 2367 terra

858 2419 918 2454 uum
941 2402 1070 2470 glutiente
1091 2403 1207 2474 periret.
1226 2403 1329 2456 Polini-

858 2509 900 2544 ces
930 2491 1015 2544 victor
1042 2502 1118 2546 esset·
1149 2491 1327 2562 Amphiaraus

858 2591 946 2633 autem
957 2591 1066 2634 mortem
1079 2579 1174 2634 timens
1186 2618 1193 2640 .
1207 2581 1235 2635 in
1249 2581 1327 2634 domo

857 2666 948 2720 latuit.
961 2669 1172 2740 QuareEriplrila
1183 2688 1249 2724 uxor
1260 2670 1325 2726 eius.

857 2767 965 2826 accepto
984 2756 1074 2810 monili
1091 2757 1124 2807 ab
1143 2757 1225 2826 Argia
1245 2777 1327 2813 uxore

856 2843 996 2900 Polinicis.
1017 2843 1090 2912 quod
1109 2844 1245 2897 Vulcanus
1259 2843 1327 2898 lier-

855 2932 958 2984 mionae
975 2930 1112 3001 privignae
1135 2949 1198 2986 suae
1218 2930 1327 2984 lubrica·

856 3017 910 3074 vit,
938 3035 997 3070 euna
1024 3019 1153 3089 prodidit·
1183 3020 1278 3072 Postea
1310 3037 1325 3070 a

854 3105 969 3158 Palinice
1005 3105 1102 3160 duetus
1139 3105 1174 3158 ad
1206 3103 1325 3161 bellum.

855 3208 925 3250 terra
953 3193 1138 3262 deglutiente.
1169 3192 1203 3246 ad
1229 3192 1325 3248 inferus

854 3287 931 3340 vivus
962 3302 1020 3336 cum
1052 3302 1131 3337 curru
1155 3301 1202 3338 suu
1228 3283 1325 3337 devec-

855 3388 899 3430 tus
927 3387 977 3429 est·
1005 3373 1144 3428 Alcmaeon
1173 3373 1245 3426 lilius
1268 3375 1325 3426 eiras

854 3463 946 3517 volana
954 3462 1177 3534 ulcisci'patrenr.
1192 3461 1325 3516 interiecit

856 3562 985 3608 matrem,
1007 3562 1039 3604 ut
1065 3557 1183 3608 Orestes.

894 3720 951 3778 153·
973 3723 1118 3794 Apollinis,
1130 3725 1291 3794 etSihyllas.

912 3841 1063 3967 Sibyllam
1079 3898 1173 3971 Apollo
1190 3900 1235 3971 piu
1256 3919 1329 3954 amo-

851 4007 879 4043 re
898 3988 1011 4048 dilexit,
1033 3991 1094 4044 etei
1114 3991 1239 4064 poeaeudi
1254 4008 1324 4062 quac
