3630 5334
523 711 589 799 264
712 707 1078 780 arrruoauauurs
1101 709 1292 784 neurius

497 889 620 936 suerunt:
631 881 788 935 liuiuemodi
810 883 881 934 ritae
897 891 983 932 reeta-

496 985 566 1026 torss
583 973 652 1025 nulia
671 971 862 1024 mundanorum
882 973 983 1042 rupidi-

496 1073 538 1115 ω
559 1099 567 1118 ,
586 1063 657 1113 nulia
678 1061 830 1113 iraruudiue
855 1059 957 1112 insania
975 1095 981 1114 .

496 1149 595 1202 nullum
616 1151 706 1224 {livoris
733 1151 847 1201 turicum
869 1187 875 1204 .
896 1149 982 1200 nulius

497 1239 582 1305 tangit
605 1257 684 1310 vapor
697 1237 819 1290 libidinis
833 1258 842 1298 3
857 1239 901 1289 sed
921 1249 982 1288 tnu-

495 1337 550 1380 tum
583 1327 746 1385 indagandae
772 1327 892 1379 veritatis
916 1344 982 1378 ron·

496 1413 712 1484 templaudaeque
726 1413 843 1465 trutinae
855 1429 917 1463 eura
931 1431 984 1464 iria·

496 1509 585 1556 serat,
605 1499 672 1550 ianm
697 1511 790 1554 eruat,
809 1499 893 1570 pascit
912 1517 981 1568 spes.

496 1585 603 1636 Pratics
622 1587 661 1638 vei
680 1587 764 1637 activa
786 1599 824 1638 est
840 1619 847 1640 .
865 1603 935 1655 quae
957 1586 983 1638 in

499 1671 648 1725 sationibus
663 1675 827 1741 negrrriiaque
842 1673 982 1724 consistit.

501 1777 569 1829 quae
586 1761 619 1811 de
639 1759 710 1812 vitae
730 1773 817 1812 tamen
841 1761 983 1811 commodis

502 1848 598 1903 auxia.
612 1861 752 1900 ornatuum
767 1861 843 1918 petax
857 1886 863 1901 .
883 1847 985 1900 heiu-n-

501 1937 528 1988 rii
553 1935 696 1988 insatiata.
716 1935 837 2006 rapiendi
864 1936 983 2003 cupida.

500 2025 675 2093 servandique
685 2023 890 2092 milia-immune
900 2024 986 2072 miuus

501 2111 651 2164 considerat
672 2110 738 2180 quiri
761 2109 885 2178 expediat
908 2145 914 2164 .
940 2107 985 2160 ubi

501 2199 617 2253 intendit
640 2198 705 2267 quid
727 2199 829 2267 rapiat.
849 2195 923 2247 lianc
944 2197 987 2246 vi-

501 2301 556 2340 tant
577 2287 648 2358 opud
667 2287 793 2354 antiquos
815 2284 921 2351 turanni
936 2285 987 2335 aii·

501 2379 573 2446 qui3
594 2395 672 2448 penes
697 2393 743 2428 nos
762 2373 875 2426 nurndus
902 2374 987 2426 omnir

501 2466 581 2532 gerit.
601 2463 748 2528 Philargica
764 2461 820 2512 sire
841 2459 988 2528 voluptaria

498 2549 556 2601 vita
570 2558 608 2600 est
623 2585 631 2605 ‚
649 2565 718 2616 quae
735 2547 865 2616 voluptati
885 2555 988 2598 tentum

501 2634 639 2694 obnoxia,
660 2631 758 2684 nulium
782 2631 920 2684 honesturn
940 2628 989 2682 bo·

500 2739 563 2774 num
583 2729 707 2788 reputat,
724 2719 803 2770 rioiam
821 2717 893 2768 vitae
912 2733 989 2788 appe-

501 2821 558 2860 tens
570 2807 752 2877 corruptelam.
763 2807 835 2857 ilaue
850 2805 932 2857 vitem
948 2822 988 2875 pe·

499 2914 546 2949 nes
567 2897 624 2948 iilos
643 2905 745 2948 tautum
769 2891 887 2964 epicurei
909 2910 980 2958 gesse

483 2959 582 3082 Nu
601 2981 672 3052 apud
693 2999 738 3033 nos
762 2978 914 3038 huiusmodi
932 2979 988 3032 vite

500 3081 597 3126 statiua
619 3089 670 3123 non
694 3069 790 3120 crimen
812 3079 862 3122 est.

543 3159 586 3214 23·
614 3159 645 3210 Id
675 3158 765 3226 itaque
795 3157 989 3210 considerantes

498 3251 596 3318 poitae
605 3245 684 3298 trium
695 3245 802 3298 ‹learurn
817 3255 918 3314 ponunt
932 3261 989 3296 eer-

501 3335 619 3387 temina,
634 3331 660 3383 id
682 3343 723 3384 est
736 3330 872 3384 Minervae
884 3365 891 3386 .
911 3330 987 3384 iuno·

499 3425 563 3480 nis.
582 3435 609 3476 et
631 3423 742 3475 Veneris
758 3461 765 3482 ,
784 3421 817 3474 de
836 3421 917 3474 forma
940 3441 986 3476 sua

498 3512 732 3564 contendentium:
754 3511 921 3567 theorioam.
942 3531 986 3581 per

499 3601 646 3654 Minervam
662 3599 738 3651 deam
750 3598 899 3668 sapientiae
907 3621 916 3662 ;
930 3619 986 3671 pra·

499 3689 614 3746 ericam,
634 3703 679 3758 per
704 3685 829 3740 irinonem
853 3703 923 3755 quae
945 3705 987 3738 re·

499 3791 608 3840 gnorum
626 3783 654 3824 et
676 3771 830 3824 divitiarum
843 3773 901 3824 'dee
924 3785 984 3836 est3

498 3857 669 3930 philargicam
697 3875 742 3928 per
757 3859 897 3915 Venerem,
916 3877 985 3930 quae

499 3939 682 4018 voluptatibus
696 3957 814 4015 praeest.
832 3948 984 4012 significan-

498 4047 553 4090 tes.
575 4035 629 4087 Has
653 4037 760 4101 tingitur
781 4035 899 4106 iuppiter
917 4039 984 4090 nolle

1039 879 1157 933 iuriis-are
1171 917 1178 938 .
1198 897 1232 934 ne
1242 882 1412 952 praeferendo
1425 903 1522 946 unam.

1040 971 1105 1020 duas
1119 971 1240 1024 rideatur
1263 973 1465 1042 condempnare,
1481 977 1524 1026 Vi·

1039 1056 1144 1108 deretur
1172 1075 1284 1126 namque
1307 1058 1412 1112 arbitrii
1439 1063 1523 1114 nostri

1039 1146 1173 1198 destructe
1189 1146 1297 1200 libertas
1314 1182 1321 1204 .
1340 1149 1363 1200 si
1377 1149 1524 1218 quamlibet

1038 1254 1069 1286 ex
1093 1237 1200 1288 istarum
1221 1239 1300 1289 trium
1319 1241 1433 1292 vitarum
1449 1241 1525 1294 nobis

1040 1321 1109 1374 Deus
1121 1323 1260 1388 agendam.
1270 1325 1330 1376 aliis
1339 1325 1443 1380 ‹inabus
1454 1329 1526 1379 darn·

1039 1409 1110 1460 netis
1121 1445 1127 1464 .
1139 1423 1302 1480 proponeret·
1314 1411 1375 1464 ideo
1390 1412 1424 1464 ed
1440 1413 1525 1466 horni-

1039 1512 1097 1544 uem
1107 1494 1234 1546 iodicium
1247 1497 1368 1550 transfert
1380 1535 1386 1554 ‚
1397 1500 1441 1550 cui
1457 1500 1525 1551 libe·

1039 1597 1095 1632 rum
1108 1583 1221 1646 eligendi
1235 1595 1262 1635 ot
1276 1582 1387 1635 debetur
1403 1597 1430 1638 et
1444 1585 1524 1639 datur

1039 1667 1193 1720 arbitrium·
1216 1670 1260 1720 tue
1276 1667 1382 1722 brutum
1396 1673 1524 1740 quiddam

1038 1755 1526 1829 riesipraiteetutierarumaepeoudum

1039 1861 1093 1896 roos
1102 1857 1157 1902 est,
1169 1865 1219 1898 non
1234 1849 1367 1900 Minervae
1382 1850 1523 1908 virtutem.

1040 1951 1092 1984 nou
1107 1933 1216 1986 iunonis
1233 1936 1343 2004 divitias
1366 1938 1523 2006 respiciens,
1541 1985 1543 1988 .

1042 2018 1075 2068 ad
1090 2017 1228 2073 libidinem
1247 2023 1319 2073 visus
1344 2021 1469 2079 intorsit.
1487 2025 1525 2074 ri·

1039 2114 1150 2174 tamque
1168 2107 1340 2177 philargiearn
1360 2110 1524 2178 praeelegit.

1041 2193 1109 2245 sicut
1126 2205 1214 2264 postea
1228 2195 1264 2246 rei
1278 2195 1365 2248 esitus
1383 2197 1523 2248 indicarit.

1043 2283 1119 2349 (mod
1137 2299 1197 2336 vero
1213 2301 1301 2336 omues
1314 2285 1352 2335 dii
1371 2285 1526 2355 adnuntias

1042 2372 1169 2424 dicuntur
1180 2373 1332 2430 convocati,
1343 2374 1463 2438 designat
1472 2393 1526 2426 om-

1042 2457 1115 2508 nium
1129 2457 1314 2510 eiemeutururn
1327 2461 1523 2529 cooperatione.

1043 2545 1232 2614 stridentiaque
1251 2563 1376 2600 consensu
1396 2547 1524 2600 hominem

1043 2634 1172 2702 procreari
1192 2667 1200 2683 .
1221 2635 1281 2684 Suro
1303 2634 1368 2702 quia
1394 2634 1526 2706 putabant

1044 2719 1174 2784 gentiles,
1191 2720 1309 2786 singulos
1331 2720 1394 2772 deos
1410 2721 1526 2786 singulas

1044 2807 1151 2858 humani
1176 2808 1291 2876 eorporis
1310 2821 1398 2878 partes
1420 2809 1525 2863 obtine·

1045 2912 1072 2946 re
1082 2929 1088 2950 ‚
1100 2893 1226 2946 irrnonem
1234 2894 1344 2947 brachia
1353 2933 1360 2954 ‚
1370 2909 1461 2968 peetus
1473 2900 1526 2950 Ne-

1044 2993 1155 3050 ptunum
1171 3017 1178 3038 .
1196 2982 1328 3050 cingulum
1339 2986 1451 3038 Martem
1464 3021 1472 3042 .
1484 3005 1526 3038 re·

1042 3085 1088 3120 urs
1104 3078 1131 3121 et
1150 3069 1258 3134 inguina
1285 3072 1409 3122 Venerem
1423 3105 1432 3126 ‚
1448 3071 1528 3142 pedes

1044 3157 1204 3208 Mercurium
1223 3195 1230 3215 ,
1249 3158 1346 3226 digitos
1365 3161 1527 3216 Minervam.

1043 3219 1121 3296 iures
1138 3246 1218 3298 etiarn
1232 3245 1374 3299 Memoriae
1391 3263 1526 3298 eonsecra-

1044 3343 1106 3385 runt
1125 3334 1221 3401 (unde
1239 3345 1279 3386 est
1307 3334 1441 3400 Cynthius
1470 3353 1526 3386 arr·

1043 3441 1097 3474 reru
1107 3425 1184 3474 vellit
1197 3423 1210 3490 )
1222 3420 1351 3479 ‚irontrm
1364 3422 1467 3488 Genio(
1478 3439 1526 3473 un·

1041 3507 1074 3560 de
1088 3517 1114 3559 et
1125 3506 1203 3558 deum
1214 3506 1287 3558 illurn
1298 3519 1452 3560 reuerentes
1459 3507 1525 3560 iron-

1041 3607 1092 3647 tem
1112 3595 1299 3664 satagebant),
1322 3595 1457 3648 dexteram
1477 3595 1526 3646 ei-

1041 3683 1084 3734 dei
1092 3719 1098 3740 .
1106 3700 1189 3750 genua
1200 3683 1335 3736 Minervae
1352 3683 1448 3753 (unde
1462 3683 1526 3734 haee

1042 3783 1154 3838 tangunt
1174 3775 1326 3840 rogantes)

1071 3866 1113 3928 ²4·
1128 3864 1247 3933 Denique
1255 3861 1523 3932 Achillesnatusqua·

1041 3955 1062 4006 si
1078 3954 1155 4006 homo
1171 3953 1301 4024 periectos
1319 3989 1326 4012 .
1345 3971 1423 4022 quern
1443 3964 1524 4004 meter

1043 4041 1069 4094 in
1090 4042 1184 4112 stygiis
1198 4040 1275 4110 equis
1295 4039 1405 4094 intinxit
1421 4076 1428 4097 .
1443 4040 1470 4092 id
1483 4057 1523 4098 εει
