<?xml version="1.0" encoding="UTF-8"?>
<!DOCTYPE html PUBLIC "-//W3C//DTD XHTML 1.0 Transitional//EN"
    "http://www.w3.org/TR/xhtml1/DTD/xhtml1-transitional.dtd">
<html xmlns="http://www.w3.org/1999/xhtml" xml:lang="en" lang="en">
 <head>
  <title>
</title>
<meta http-equiv="Content-Type" content="text/html;charset=utf-8" />
  <meta name='ocr-system' content='tesseract 3.04.00' />
  <meta name='ocr-capabilities' content='ocr_page ocr_carea ocr_par ocr_line ocrx_word'/>
</head>
<body>
  <div class='ocr_page' id='page_1' title='image "./classicorumauct01vatigoog_0406.png"; bbox 0 0 3638 5332; ppageno 0'>
   <div class='ocr_carea' id='block_1_1' title="bbox 651 649 928 702">
    <p class='ocr_par' dir='ltr' id='par_1_1' title="bbox 651 649 928 702">
     <span class='ocr_line' id='line_1_1' title="bbox 651 649 928 702; baseline 0.007 -6"><span class='ocrx_word' id='word_1_1' title='bbox 651 649 928 702; x_wconf 67' lang='lat' dir='ltr'>Cossssli‘l&#39;dllllld·</span> 
     </span>
    </p>
   </div>
   <div class='ocr_carea' id='block_1_2' title="bbox 268 804 764 3005">
    <p class='ocr_par' dir='ltr' id='par_1_2' title="bbox 271 804 756 1054">
     <span class='ocr_line' id='line_1_2' title="bbox 277 804 755 861; baseline 0.002 -2"><span class='ocrx_word' id='word_1_2' title='bbox 277 809 316 860; x_wconf 82' lang='lat' dir='ltr'>its</span> <span class='ocrx_word' id='word_1_3' title='bbox 337 817 368 861; x_wconf 92' lang='lat' dir='ltr'>ut</span> <span class='ocrx_word' id='word_1_4' title='bbox 391 805 472 860; x_wconf 83' lang='lat' dir='ltr'>etiam</span> <span class='ocrx_word' id='word_1_5' title='bbox 501 804 585 860; x_wconf 82' lang='lat' dir='ltr'>uubcs</span> <span class='ocrx_word' id='word_1_6' title='bbox 603 823 656 860; x_wconf 86' lang='lat' dir='ltr'>uuu</span> <span class='ocrx_word' id='word_1_7' title='bbox 673 805 755 860; x_wconf 76' lang='lat' dir='ltr'>altius</span> 
     </span>
     <span class='ocr_line' id='line_1_3' title="bbox 274 889 756 966; baseline -0.006 -19"><span class='ocrx_word' id='word_1_8' title='bbox 274 911 354 966; x_wconf 75' lang='lat' dir='ltr'>quem</span> <span class='ocrx_word' id='word_1_9' title='bbox 369 894 459 946; x_wconf 84' lang='lat' dir='ltr'>deeesu</span> <span class='ocrx_word' id='word_1_10' title='bbox 476 893 572 946; x_wconf 85' lang='lat' dir='ltr'>stadiis</span> <span class='ocrx_word' id='word_1_11' title='bbox 590 911 606 945; x_wconf 81' lang='grc' dir='ltr'><strong>ι</strong></span> <span class='ocrx_word' id='word_1_12' title='bbox 625 903 697 946; x_wconf 84' lang='lat' dir='ltr'>tens</span> <span class='ocrx_word' id='word_1_13' title='bbox 712 889 756 944; x_wconf 86' lang='lat' dir='ltr'>di-</span> 
     </span>
     <span class='ocr_line' id='line_1_4' title="bbox 271 981 573 1054; baseline -0.026 -14"><span class='ocrx_word' id='word_1_14' title='bbox 271 997 366 1040; x_wconf 81' lang='lat' dir='ltr'>tautur</span> <span class='ocrx_word' id='word_1_15' title='bbox 383 999 459 1054; x_wconf 83' lang='lat' dir='ltr'>posse</span> <span class='ocrx_word' id='word_1_16' title='bbox 475 981 573 1038; x_wconf 83' lang='lat' dir='ltr'>levari.</span> 
     </span>
    </p>

    <p class='ocr_par' dir='ltr' id='par_1_3' title="bbox 268 1068 764 3005">
     <span class='ocr_line' id='line_1_5' title="bbox 309 1068 759 1145; baseline -0.011 -18"><span class='ocrx_word' id='word_1_17' title='bbox 309 1090 339 1127; x_wconf 64' lang='grc' dir='ltr'>αι</span> <span class='ocrx_word' id='word_1_18' title='bbox 362 1073 488 1145; x_wconf 78' lang='lat' dir='ltr'>Sequitur</span> <span class='ocrx_word' id='word_1_19' title='bbox 507 1085 525 1108; x_wconf 81' lang='lat'>⁰·</span> <span class='ocrx_word' id='word_1_20' title='bbox 537 1082 568 1125; x_wconf 87' lang='lat' dir='ltr'>tu</span> <span class='ocrx_word' id='word_1_21' title='bbox 591 1068 678 1124; x_wconf 73' lang='lat' dir='ltr'>tantis</span> <span class='ocrx_word' id='word_1_22' title='bbox 699 1069 759 1122; x_wconf 87' lang='lat' dir='ltr'>aui-</span> 
     </span>
     <span class='ocr_line' id='line_1_6' title="bbox 270 1159 760 1220; baseline -0.008 -6"><span class='ocrx_word' id='word_1_23' title='bbox 270 1179 326 1214; x_wconf 87' lang='lat' dir='ltr'>mas</span> <span class='ocrx_word' id='word_1_24' title='bbox 341 1171 417 1220; x_wconf 80' lang='lat' dir='ltr'>eto„</span> <span class='ocrx_word' id='word_1_25' title='bbox 427 1161 528 1214; x_wconf 81' lang='lat' dir='ltr'>florum</span> <span class='ocrx_word' id='word_1_26' title='bbox 539 1159 690 1213; x_wconf 80' lang='lat' dir='ltr'>intellectus</span> <span class='ocrx_word' id='word_1_27' title='bbox 703 1173 760 1210; x_wconf 85' lang='lat' dir='ltr'>rer·</span> 
     </span>
     <span class='ocr_line' id='line_1_7' title="bbox 268 1250 758 1322; baseline -0.018 -13"><span class='ocrx_word' id='word_1_28' title='bbox 268 1253 363 1309; x_wconf 68' lang='grc' dir='ltr'><strong>δοιιιιιι</strong></span> <span class='ocrx_word' id='word_1_29' title='bbox 373 1254 458 1322; x_wconf 80' lang='lat' dir='ltr'>magis</span> <span class='ocrx_word' id='word_1_30' title='bbox 470 1263 511 1308; x_wconf 84' lang='lat' dir='ltr'>est</span> <span class='ocrx_word' id='word_1_31' title='bbox 524 1250 666 1320; x_wconf 75' lang='lat' dir='ltr'>fugiendus</span> <span class='ocrx_word' id='word_1_32' title='bbox 678 1265 758 1319; x_wconf 76' lang='grc' dir='ltr'><strong>φιιιιι</strong></span> 
     </span>
     <span class='ocr_line' id='line_1_8' title="bbox 268 1341 761 1412; baseline -0.008 -18"><span class='ocrx_word' id='word_1_33' title='bbox 268 1341 437 1412; x_wconf 79' lang='lat' dir='ltr'>expositione</span> <span class='ocrx_word' id='word_1_34' title='bbox 449 1342 624 1412; x_wconf 76' lang='lat' dir='ltr'>pandendus:</span> <span class='ocrx_word' id='word_1_35' title='bbox 635 1356 696 1392; x_wconf 83' lang='lat' dir='ltr'>nam</span> <span class='ocrx_word' id='word_1_36' title='bbox 711 1353 761 1390; x_wconf 76' lang='lat' dir='ltr'>ex·</span> 
     </span>
     <span class='ocr_line' id='line_1_9' title="bbox 273 1427 762 1503; baseline -0.014 -17"><span class='ocrx_word' id='word_1_37' title='bbox 273 1434 368 1503; x_wconf 77' lang='lat' dir='ltr'><strong>plicita</strong></span> <span class='ocrx_word' id='word_1_38' title='bbox 392 1433 498 1486; x_wconf 92' lang='lat' dir='ltr'>ratione</span> <span class='ocrx_word' id='word_1_39' title='bbox 519 1431 649 1484; x_wconf 82' lang='lat' dir='ltr'>maximae</span> <span class='ocrx_word' id='word_1_40' title='bbox 667 1427 762 1482; x_wconf 87' lang='lat' dir='ltr'>mundi</span> 
     </span>
     <span class='ocr_line' id='line_1_10' title="bbox 272 1523 760 1582; baseline -0.01 -5"><span class='ocrx_word' id='word_1_41' title='bbox 272 1527 376 1579; x_wconf 88' lang='lat' dir='ltr'>animae</span> <span class='ocrx_word' id='word_1_42' title='bbox 387 1561 394 1582; x_wconf 87' lang='lat'><strong><em>.</em></strong></span> <span class='ocrx_word' id='word_1_43' title='bbox 408 1541 479 1577; x_wconf 88' lang='lat' dir='ltr'>nunc</span> <span class='ocrx_word' id='word_1_44' title='bbox 489 1524 524 1576; x_wconf 87' lang='lat' dir='ltr'>de</span> <span class='ocrx_word' id='word_1_45' title='bbox 542 1533 614 1576; x_wconf 80' lang='lat' dir='ltr'>statu</span> <span class='ocrx_word' id='word_1_46' title='bbox 627 1523 760 1576; x_wconf 85' lang='lat' dir='ltr'>minorum</span> 
     </span>
     <span class='ocr_line' id='line_1_11' title="bbox 274 1611 762 1682; baseline -0.018 -13"><span class='ocrx_word' id='word_1_47' title='bbox 274 1617 421 1668; x_wconf 73' lang='lat' dir='ltr'>animarum</span> <span class='ocrx_word' id='word_1_48' title='bbox 435 1611 532 1682; x_wconf 83' lang='lat' dir='ltr'>incipit</span> <span class='ocrx_word' id='word_1_49' title='bbox 549 1611 623 1680; x_wconf 85' lang='lat' dir='ltr'>loqui</span> <span class='ocrx_word' id='word_1_50' title='bbox 639 1647 646 1668; x_wconf 90' lang='lat'><em>,</em></span> <span class='ocrx_word' id='word_1_51' title='bbox 664 1623 762 1678; x_wconf 86' lang='lat' dir='ltr'>easque</span> 
     </span>
     <span class='ocr_line' id='line_1_12' title="bbox 272 1700 762 1772; baseline -0.012 -14"><span class='ocrx_word' id='word_1_52' title='bbox 272 1706 357 1760; x_wconf 83' lang='lat' dir='ltr'>iactas</span> <span class='ocrx_word' id='word_1_53' title='bbox 372 1705 470 1758; x_wconf 89' lang='lat' dir='ltr'>eisdem</span> <span class='ocrx_word' id='word_1_54' title='bbox 483 1701 583 1772; x_wconf 83' lang='lat' dir='ltr'>quibus</span> <span class='ocrx_word' id='word_1_55' title='bbox 596 1711 624 1755; x_wconf 86' lang='lat' dir='ltr'>et</span> <span class='ocrx_word' id='word_1_56' title='bbox 639 1700 711 1752; x_wconf 84' lang='lat' dir='ltr'>illam</span> <span class='ocrx_word' id='word_1_57' title='bbox 723 1717 762 1752; x_wconf 87' lang='lat' dir='ltr'>as·</span> 
     </span>
     <span class='ocr_line' id='line_1_13' title="bbox 271 1786 760 1858; baseline -0.014 -11"><span class='ocrx_word' id='word_1_58' title='bbox 271 1795 337 1847; x_wconf 89' lang='lat' dir='ltr'>serit</span> <span class='ocrx_word' id='word_1_59' title='bbox 354 1791 464 1845; x_wconf 85' lang='lat' dir='ltr'>causis·</span> <span class='ocrx_word' id='word_1_60' title='bbox 487 1791 538 1844; x_wconf 85' lang='lat' dir='ltr'>Sed</span> <span class='ocrx_word' id='word_1_61' title='bbox 563 1790 614 1843; x_wconf 88' lang='lat' dir='ltr'>hoc</span> <span class='ocrx_word' id='word_1_62' title='bbox 636 1789 670 1840; x_wconf 91' lang='lat' dir='ltr'>de</span> <span class='ocrx_word' id='word_1_63' title='bbox 695 1786 760 1858; x_wconf 86' lang='lat' dir='ltr'>ipsis</span> 
     </span>
     <span class='ocr_line' id='line_1_14' title="bbox 274 1875 759 1948; baseline -0.012 -16"><span class='ocrx_word' id='word_1_64' title='bbox 274 1879 388 1946; x_wconf 74' lang='lat' dir='ltr'>intellegi</span> <span class='ocrx_word' id='word_1_65' title='bbox 407 1879 480 1932; x_wconf 81' lang='lat' dir='ltr'>vult.</span> <span class='ocrx_word' id='word_1_66' title='bbox 498 1877 572 1948; x_wconf 89' lang='lat' dir='ltr'>quod</span> <span class='ocrx_word' id='word_1_67' title='bbox 591 1875 700 1930; x_wconf 85' lang='lat' dir='ltr'>minime</span> <span class='ocrx_word' id='word_1_68' title='bbox 719 1891 759 1927; x_wconf 85' lang='lat' dir='ltr'>re·</span> 
     </span>
     <span class='ocr_line' id='line_1_15' title="bbox 270 1963 758 2038; baseline -0.012 -18"><span class='ocrx_word' id='word_1_69' title='bbox 270 1968 339 2038; x_wconf 83' lang='lat' dir='ltr'>cipit</span> <span class='ocrx_word' id='word_1_70' title='bbox 359 1967 424 2020; x_wconf 83' lang='lat' dir='ltr'>tides</span> <span class='ocrx_word' id='word_1_71' title='bbox 445 1965 593 2018; x_wconf 78' lang='lat' dir='ltr'>christiana</span> <span class='ocrx_word' id='word_1_72' title='bbox 616 2001 623 2022; x_wconf 84' lang='lat'><strong>.</strong></span> <span class='ocrx_word' id='word_1_73' title='bbox 648 1981 692 2017; x_wconf 86' lang='lat' dir='ltr'>cas</span> <span class='ocrx_word' id='word_1_74' title='bbox 714 1963 758 2015; x_wconf 86' lang='lat' dir='ltr'>vi-</span> 
     </span>
     <span class='ocr_line' id='line_1_16' title="bbox 274 2049 761 2126; baseline -0.012 -18"><span class='ocrx_word' id='word_1_75' title='bbox 274 2056 371 2110; x_wconf 90' lang='lat' dir='ltr'>delicet</span> <span class='ocrx_word' id='word_1_76' title='bbox 392 2073 407 2107; x_wconf 87' lang='lat' dir='ltr'>u</span> <span class='ocrx_word' id='word_1_77' title='bbox 425 2055 510 2126; x_wconf 83' lang='lat' dir='ltr'>prima</span> <span class='ocrx_word' id='word_1_78' title='bbox 537 2052 580 2108; x_wconf 85' lang='lat' dir='ltr'>sui</span> <span class='ocrx_word' id='word_1_79' title='bbox 606 2049 761 2104; x_wconf 87' lang='lat' dir='ltr'>conditione</span> 
     </span>
     <span class='ocr_line' id='line_1_17' title="bbox 272 2138 761 2213; baseline -0.014 -17"><span class='ocrx_word' id='word_1_80' title='bbox 272 2145 300 2199; x_wconf 90' lang='lat' dir='ltr'>in</span> <span class='ocrx_word' id='word_1_81' title='bbox 324 2144 397 2196; x_wconf 85' lang='lat' dir='ltr'>caelo</span> <span class='ocrx_word' id='word_1_82' title='bbox 422 2144 522 2213; x_wconf 84' lang='lat' dir='ltr'>positas</span> <span class='ocrx_word' id='word_1_83' title='bbox 544 2159 578 2194; x_wconf 83' lang='lat' dir='ltr'>ex</span> <span class='ocrx_word' id='word_1_84' title='bbox 596 2138 761 2210; x_wconf 83' lang='lat' dir='ltr'>contemplu-</span> 
     </span>
     <span class='ocr_line' id='line_1_18' title="bbox 271 2225 761 2287; baseline -0.022 0"><span class='ocrx_word' id='word_1_85' title='bbox 271 2234 345 2287; x_wconf 88' lang='lat' dir='ltr'>tione</span> <span class='ocrx_word' id='word_1_86' title='bbox 366 2231 463 2284; x_wconf 88' lang='lat' dir='ltr'>mentis</span> <span class='ocrx_word' id='word_1_87' title='bbox 484 2229 594 2283; x_wconf 89' lang='lat' dir='ltr'>divinae</span> <span class='ocrx_word' id='word_1_88' title='bbox 617 2225 694 2280; x_wconf 86' lang='lat' dir='ltr'>beate</span> <span class='ocrx_word' id='word_1_89' title='bbox 717 2225 761 2278; x_wconf 86' lang='lat' dir='ltr'>vi·</span> 
     </span>
     <span class='ocr_line' id='line_1_19' title="bbox 274 2311 762 2388; baseline -0.016 -14"><span class='ocrx_word' id='word_1_90' title='bbox 274 2321 344 2374; x_wconf 79' lang='lat' dir='ltr'>risse</span> <span class='ocrx_word' id='word_1_91' title='bbox 367 2339 373 2370; x_wconf 84' lang='grc' dir='ltr'><strong>ι</strong></span> <span class='ocrx_word' id='word_1_92' title='bbox 394 2318 492 2373; x_wconf 88' lang='lat' dir='ltr'>deinde</span> <span class='ocrx_word' id='word_1_93' title='bbox 512 2317 641 2388; x_wconf 85' lang='lat' dir='ltr'>quasdam</span> <span class='ocrx_word' id='word_1_94' title='bbox 665 2331 699 2367; x_wconf 84' lang='lat' dir='ltr'>ex</span> <span class='ocrx_word' id='word_1_95' title='bbox 719 2311 762 2366; x_wconf 80' lang='lat' dir='ltr'>tis</span> 
     </span>
     <span class='ocr_line' id='line_1_20' title="bbox 278 2403 763 2482; baseline -0.016 -19"><span class='ocrx_word' id='word_1_96' title='bbox 278 2414 306 2464; x_wconf 91' lang='lat' dir='ltr'>in</span> <span class='ocrx_word' id='word_1_97' title='bbox 318 2427 427 2482; x_wconf 88' lang='lat' dir='ltr'>corpora</span> <span class='ocrx_word' id='word_1_98' title='bbox 436 2409 555 2460; x_wconf 87' lang='lat' dir='ltr'>hnmana</span> <span class='ocrx_word' id='word_1_99' title='bbox 565 2405 686 2476; x_wconf 75' lang='lat' dir='ltr'>delapsas</span> <span class='ocrx_word' id='word_1_100' title='bbox 696 2439 703 2460; x_wconf 88' lang='lat'><strong>.</strong></span> <span class='ocrx_word' id='word_1_101' title='bbox 715 2403 763 2455; x_wconf 84' lang='lat' dir='ltr'>ite·</span> 
     </span>
     <span class='ocr_line' id='line_1_21' title="bbox 273 2497 762 2571; baseline -0.018 -19"><span class='ocrx_word' id='word_1_102' title='bbox 273 2519 331 2552; x_wconf 87' lang='lat' dir='ltr'>rum</span> <span class='ocrx_word' id='word_1_103' title='bbox 357 2511 418 2571; x_wconf 85' lang='lat' dir='ltr'>post</span> <span class='ocrx_word' id='word_1_104' title='bbox 441 2497 629 2552; x_wconf 89' lang='lat' dir='ltr'>resolutionem</span> <span class='ocrx_word' id='word_1_105' title='bbox 658 2509 762 2548; x_wconf 83' lang='lat' dir='ltr'>corum·</span> 
     </span>
     <span class='ocr_line' id='line_1_22' title="bbox 274 2584 763 2658; baseline -0.014 -17"><span class='ocrx_word' id='word_1_106' title='bbox 274 2589 333 2641; x_wconf 89' lang='lat' dir='ltr'>dem</span> <span class='ocrx_word' id='word_1_107' title='bbox 353 2605 491 2658; x_wconf 89' lang='lat' dir='ltr'>corporum</span> <span class='ocrx_word' id='word_1_108' title='bbox 508 2584 619 2639; x_wconf 81' lang='lat' dir='ltr'>terrenis</span> <span class='ocrx_word' id='word_1_109' title='bbox 637 2589 763 2654; x_wconf 79' lang='lat' dir='ltr'>purgatae</span> 
     </span>
     <span class='ocr_line' id='line_1_23' title="bbox 272 2677 762 2744; baseline -0.008 -14"><span class='ocrx_word' id='word_1_110' title='bbox 272 2677 348 2732; x_wconf 84' lang='lat' dir='ltr'>vitiis</span> <span class='ocrx_word' id='word_1_111' title='bbox 377 2677 505 2744; x_wconf 76' lang='lat' dir='ltr'>originem</span> <span class='ocrx_word' id='word_1_112' title='bbox 522 2691 597 2726; x_wconf 87' lang='lat' dir='ltr'>suam</span> <span class='ocrx_word' id='word_1_113' title='bbox 617 2683 733 2743; x_wconf 84' lang='lat' dir='ltr'>repetere</span> <span class='ocrx_word' id='word_1_114' title='bbox 755 2705 762 2726; x_wconf 67' lang='grc' dir='ltr'><strong>ι</strong></span> 
     </span>
     <span class='ocr_line' id='line_1_24' title="bbox 272 2763 764 2831; baseline -0.01 -15"><span class='ocrx_word' id='word_1_115' title='bbox 272 2777 299 2818; x_wconf 90' lang='lat' dir='ltr'>et</span> <span class='ocrx_word' id='word_1_116' title='bbox 322 2765 349 2818; x_wconf 93' lang='lat' dir='ltr'>in</span> <span class='ocrx_word' id='word_1_117' title='bbox 369 2765 469 2818; x_wconf 83' lang='lat' dir='ltr'>caelum</span> <span class='ocrx_word' id='word_1_118' title='bbox 491 2763 579 2816; x_wconf 85' lang='lat' dir='ltr'>redire</span> <span class='ocrx_word' id='word_1_119' title='bbox 597 2799 604 2821; x_wconf 84' lang='lat'><em>,</em></span> <span class='ocrx_word' id='word_1_120' title='bbox 625 2772 706 2831; x_wconf 88' lang='lat' dir='ltr'>atque</span> <span class='ocrx_word' id='word_1_121' title='bbox 732 2767 764 2811; x_wconf 88' lang='lat' dir='ltr'>ut</span> 
     </span>
     <span class='ocr_line' id='line_1_25' title="bbox 271 2847 762 2918; baseline -0.014 -15"><span class='ocrx_word' id='word_1_122' title='bbox 271 2852 401 2918; x_wconf 70' lang='lat' dir='ltr'>Virgilius</span> <span class='ocrx_word' id='word_1_123' title='bbox 421 2851 460 2903; x_wconf 78' lang='lat' dir='ltr'>ait</span> <span class='ocrx_word' id='word_1_124' title='bbox 475 2867 584 2907; x_wconf 86' lang='lat' dir='ltr'>‚rursus</span> <span class='ocrx_word' id='word_1_125' title='bbox 610 2847 637 2900; x_wconf 93' lang='lat' dir='ltr'>in</span> <span class='ocrx_word' id='word_1_126' title='bbox 651 2861 762 2918; x_wconf 84' lang='lat' dir='ltr'>corpora</span> 
     </span>
     <span class='ocr_line' id='line_1_26' title="bbox 273 2932 764 3005; baseline -0.014 -15"><span class='ocrx_word' id='word_1_127' title='bbox 273 2938 339 2991; x_wconf 86' lang='lat' dir='ltr'>velle</span> <span class='ocrx_word' id='word_1_128' title='bbox 349 2935 455 2994; x_wconf 78' lang='lat' dir='ltr'>reverti.</span> <span class='ocrx_word' id='word_1_129' title='bbox 463 2937 629 3005; x_wconf 78' lang='lat' dir='ltr'>Dignitatem</span> <span class='ocrx_word' id='word_1_130' title='bbox 637 2951 699 2988; x_wconf 86' lang='lat' dir='ltr'>vero</span> <span class='ocrx_word' id='word_1_131' title='bbox 713 2932 764 3004; x_wconf 85' lang='lat' dir='ltr'>pri·</span> 
     </span>
    </p>
   </div>
   <div class='ocr_carea' id='block_1_3' title="bbox 276 3019 766 3091">
    <p class='ocr_par' dir='ltr' id='par_1_4' title="bbox 276 3019 766 3091">
     <span class='ocr_line' id='line_1_27' title="bbox 276 3019 766 3091; baseline -0.014 -13"><span class='ocrx_word' id='word_1_132' title='bbox 276 3045 333 3079; x_wconf 87' lang='lat' dir='ltr'>mae</span> <span class='ocrx_word' id='word_1_133' title='bbox 348 3025 565 3080; x_wconf 84' lang='lat' dir='ltr'>conditionishis</span> <span class='ocrx_word' id='word_1_134' title='bbox 576 3021 663 3076; x_wconf 85' lang='lat' dir='ltr'>verbis</span> <span class='ocrx_word' id='word_1_135' title='bbox 679 3019 766 3091; x_wconf 81' lang='lat' dir='ltr'>expri-</span> 
     </span>
    </p>
   </div>
   <div class='ocr_carea' id='block_1_4' title="bbox 275 3107 765 4044">
    <p class='ocr_par' dir='ltr' id='par_1_5' title="bbox 275 3107 765 4044">
     <span class='ocr_line' id='line_1_28' title="bbox 277 3107 765 3186; baseline -0.014 -20"><span class='ocrx_word' id='word_1_136' title='bbox 277 3115 327 3167; x_wconf 87' lang='lat' dir='ltr'>mit</span> <span class='ocrx_word' id='word_1_137' title='bbox 345 3127 362 3150; x_wconf 74' lang='lat'>‘¹</span> <span class='ocrx_word' id='word_1_138' title='bbox 374 3113 498 3186; x_wconf 79' lang='lat' dir='ltr'>provehis</span> <span class='ocrx_word' id='word_1_139' title='bbox 517 3148 525 3168; x_wconf 88' lang='lat'><strong><em>.</em></strong></span> <span class='ocrx_word' id='word_1_140' title='bbox 542 3121 571 3165; x_wconf 89' lang='lat' dir='ltr'>et</span> <span class='ocrx_word' id='word_1_141' title='bbox 590 3107 694 3164; x_wconf 73' lang='lat' dir='ltr'>levibns</span> <span class='ocrx_word' id='word_1_142' title='bbox 717 3125 765 3160; x_wconf 89' lang='lat' dir='ltr'>su·</span> 
     </span>
     <span class='ocr_line' id='line_1_29' title="bbox 279 3195 765 3270; baseline -0.006 -18"><span class='ocrx_word' id='word_1_143' title='bbox 279 3199 373 3254; x_wconf 87' lang='lat' dir='ltr'>blimes</span> <span class='ocrx_word' id='word_1_144' title='bbox 401 3197 524 3252; x_wconf 66' lang='lat' dir='ltr'>camillus</span> <span class='ocrx_word' id='word_1_145' title='bbox 548 3207 684 3270; x_wconf 83' lang='lat' dir='ltr'>aptas..·</span> <span class='ocrx_word' id='word_1_146' title='bbox 709 3195 765 3249; x_wconf 89' lang='lat' dir='ltr'>lloc</span> 
     </span>
     <span class='ocr_line' id='line_1_30' title="bbox 278 3285 765 3358; baseline -0.002 -19"><span class='ocrx_word' id='word_1_147' title='bbox 278 3289 368 3358; x_wconf 80' lang='lat' dir='ltr'>itaque</span> <span class='ocrx_word' id='word_1_148' title='bbox 380 3287 546 3354; x_wconf 75' lang='lat' dir='ltr'>significans,</span> <span class='ocrx_word' id='word_1_149' title='bbox 558 3285 631 3356; x_wconf 84' lang='lat' dir='ltr'>quod</span> <span class='ocrx_word' id='word_1_150' title='bbox 645 3285 765 3354; x_wconf 87' lang='lat' dir='ltr'>incorpo-</span> 
     </span>
     <span class='ocr_line' id='line_1_31' title="bbox 276 3369 764 3439; baseline -0.012 -13"><span class='ocrx_word' id='word_1_151' title='bbox 276 3393 335 3428; x_wconf 88' lang='lat' dir='ltr'>reae</span> <span class='ocrx_word' id='word_1_152' title='bbox 351 3375 460 3428; x_wconf 85' lang='lat' dir='ltr'>levitate</span> <span class='ocrx_word' id='word_1_153' title='bbox 481 3385 593 3427; x_wconf 87' lang='lat' dir='ltr'>naturae</span> <span class='ocrx_word' id='word_1_154' title='bbox 609 3371 683 3425; x_wconf 83' lang='lat' dir='ltr'>velut</span> <span class='ocrx_word' id='word_1_155' title='bbox 701 3369 764 3439; x_wconf 87' lang='lat' dir='ltr'>qui·</span> 
     </span>
     <span class='ocr_line' id='line_1_32' title="bbox 275 3458 765 3516; baseline -0.004 -2"><span class='ocrx_word' id='word_1_156' title='bbox 275 3463 387 3515; x_wconf 83' lang='lat' dir='ltr'>busdrm</span> <span class='ocrx_word' id='word_1_157' title='bbox 408 3461 532 3516; x_wconf 73' lang='lat' dir='ltr'>currilius</span> <span class='ocrx_word' id='word_1_158' title='bbox 551 3463 578 3514; x_wconf 90' lang='lat' dir='ltr'>iu</span> <span class='ocrx_word' id='word_1_159' title='bbox 597 3461 673 3514; x_wconf 87' lang='lat' dir='ltr'>sedes</span> <span class='ocrx_word' id='word_1_160' title='bbox 692 3458 765 3513; x_wconf 89' lang='lat' dir='ltr'>side-</span> 
     </span>
     <span class='ocr_line' id='line_1_33' title="bbox 276 3549 765 3620; baseline -0.002 -20"><span class='ocrx_word' id='word_1_161' title='bbox 276 3567 334 3602; x_wconf 86' lang='lat' dir='ltr'>reas</span> <span class='ocrx_word' id='word_1_162' title='bbox 353 3551 554 3620; x_wconf 78' lang='lat' dir='ltr'>provehantur¹</span> <span class='ocrx_word' id='word_1_163' title='bbox 574 3549 653 3618; x_wconf 83' lang='lat' dir='ltr'>Quod</span> <span class='ocrx_word' id='word_1_164' title='bbox 678 3557 765 3600; x_wconf 90' lang='lat' dir='ltr'>autem</span> 
     </span>
     <span class='ocr_line' id='line_1_34' title="bbox 276 3635 765 3694; baseline -0.006 -6"><span class='ocrx_word' id='word_1_165' title='bbox 276 3636 344 3689; x_wconf 89' lang='lat' dir='ltr'>dicit</span> <span class='ocrx_word' id='word_1_166' title='bbox 353 3651 372 3672; x_wconf 83' lang='lat'>⁴·</span> <span class='ocrx_word' id='word_1_167' title='bbox 387 3638 414 3689; x_wconf 92' lang='lat' dir='ltr'>in</span> <span class='ocrx_word' id='word_1_168' title='bbox 427 3638 527 3689; x_wconf 88' lang='lat' dir='ltr'>caelum</span> <span class='ocrx_word' id='word_1_169' title='bbox 537 3636 604 3689; x_wconf 87' lang='lat' dir='ltr'>seris</span> <span class='ocrx_word' id='word_1_170' title='bbox 614 3673 632 3694; x_wconf 83' lang='lat'>..</span> <span class='ocrx_word' id='word_1_171' title='bbox 646 3635 679 3687; x_wconf 92' lang='lat' dir='ltr'>de</span> <span class='ocrx_word' id='word_1_172' title='bbox 692 3651 765 3686; x_wconf 84' lang='lat' dir='ltr'>mon·</span> 
     </span>
     <span class='ocr_line' id='line_1_35' title="bbox 275 3721 764 3794; baseline -0.002 -20"><span class='ocrx_word' id='word_1_173' title='bbox 275 3722 302 3775; x_wconf 93' lang='lat' dir='ltr'>di</span> <span class='ocrx_word' id='word_1_174' title='bbox 321 3723 500 3778; x_wconf 85' lang='lat' dir='ltr'>luminaribus</span> <span class='ocrx_word' id='word_1_175' title='bbox 517 3724 675 3794; x_wconf 83' lang='lat' dir='ltr'>cunctisque</span> <span class='ocrx_word' id='word_1_176' title='bbox 697 3721 764 3775; x_wconf 83' lang='lat' dir='ltr'>aide·</span> 
     </span>
     <span class='ocr_line' id='line_1_36' title="bbox 275 3811 764 3884; baseline 0.004 -19"><span class='ocrx_word' id='word_1_177' title='bbox 275 3811 350 3866; x_wconf 72' lang='lat' dir='ltr'>cilius</span> <span class='ocrx_word' id='word_1_178' title='bbox 374 3812 490 3882; x_wconf 84' lang='lat' dir='ltr'>intellegi</span> <span class='ocrx_word' id='word_1_179' title='bbox 507 3813 585 3872; x_wconf 86' lang='lat' dir='ltr'>vult,</span> <span class='ocrx_word' id='word_1_180' title='bbox 604 3831 674 3884; x_wconf 76' lang='lat' dir='ltr'>quse</span> <span class='ocrx_word' id='word_1_181' title='bbox 691 3815 764 3866; x_wconf 84' lang='lat' dir='ltr'>caele</span> 
     </span>
     <span class='ocr_line' id='line_1_37' title="bbox 276 3901 763 3960; baseline 0.004 -8"><span class='ocrx_word' id='word_1_182' title='bbox 276 3902 374 3956; x_wconf 81' lang='lat' dir='ltr'>inserta</span> <span class='ocrx_word' id='word_1_183' title='bbox 390 3901 515 3956; x_wconf 81' lang='lat' dir='ltr'>vivereet</span> <span class='ocrx_word' id='word_1_184' title='bbox 533 3901 639 3958; x_wconf 83' lang='lat' dir='ltr'>ratione</span> <span class='ocrx_word' id='word_1_185' title='bbox 649 3901 707 3960; x_wconf 83' lang='lat' dir='ltr'>uti.</span> <span class='ocrx_word' id='word_1_186' title='bbox 722 3901 763 3956; x_wconf 81' lang='lat' dir='ltr'>al·</span> 
     </span>
     <span class='ocr_line' id='line_1_38' title="bbox 276 3988 565 4044; baseline 0 -4"><span class='ocrx_word' id='word_1_187' title='bbox 276 3989 380 4043; x_wconf 78' lang='lat' dir='ltr'>lirmerc</span> <span class='ocrx_word' id='word_1_188' title='bbox 400 3988 565 4044; x_wconf 73' lang='lat' dir='ltr'>nitebantur.</span> 
     </span>
    </p>
   </div>
   <div class='ocr_carea' id='block_1_5' title="bbox 1228 624 1292 716">
    <p class='ocr_par' dir='ltr' id='par_1_6' title="bbox 1228 624 1292 716">
     <span class='ocr_line' id='line_1_39' title="bbox 1228 624 1292 716; baseline 0 0"><span class='ocrx_word' id='word_1_189' title='bbox 1228 624 1292 716; x_wconf 71' lang='lat'>³4³</span> 
     </span>
    </p>
   </div>
   <div class='ocr_carea' id='block_1_6' title="bbox 815 797 1316 3098">
    <p class='ocr_par' dir='ltr' id='par_1_7' title="bbox 815 797 1316 3098">
     <span class='ocr_line' id='line_1_40' title="bbox 852 797 1306 860; baseline -0.007 -2"><span class='ocrx_word' id='word_1_190' title='bbox 852 817 887 858; x_wconf 81' lang='lat' dir='ltr'>uu</span> <span class='ocrx_word' id='word_1_191' title='bbox 906 801 987 856; x_wconf 82' lang='lat' dir='ltr'>Porro</span> <span class='ocrx_word' id='word_1_192' title='bbox 1004 797 1062 855; x_wconf 77' lang='lat' dir='ltr'>uln</span> <span class='ocrx_word' id='word_1_193' title='bbox 1078 799 1268 858; x_wconf 69' lang='lat' dir='ltr'>minaeis</span> <span class='ocrx_word' id='word_1_194' title='bbox 1288 837 1306 860; x_wconf 85' lang='lat'>..</span> 
     </span>
     <span class='ocr_line' id='line_1_41' title="bbox 817 893 1310 949; baseline 0 -1"><span class='ocrx_word' id='word_1_195' title='bbox 817 895 852 949; x_wconf 84' lang='lat' dir='ltr'>de</span> <span class='ocrx_word' id='word_1_196' title='bbox 869 895 995 948; x_wconf 75' lang='lat' dir='ltr'>humauis</span> <span class='ocrx_word' id='word_1_197' title='bbox 1018 903 1124 948; x_wconf 83' lang='lat' dir='ltr'>tantun</span> <span class='ocrx_word' id='word_1_198' title='bbox 1146 893 1250 948; x_wconf 71' lang='lat' dir='ltr'>dicture</span> <span class='ocrx_word' id='word_1_199' title='bbox 1268 903 1310 948; x_wconf 83' lang='lat' dir='ltr'>cst</span> 
     </span>
     <span class='ocr_line' id='line_1_42' title="bbox 818 979 1310 1052; baseline 0.002 -18"><span class='ocrx_word' id='word_1_200' title='bbox 818 979 958 1036; x_wconf 74' lang='lat' dir='ltr'>cuinulnu</span> <span class='ocrx_word' id='word_1_201' title='bbox 978 1017 986 1038; x_wconf 87' lang='lat'><strong>.</strong></span> <span class='ocrx_word' id='word_1_202' title='bbox 1004 999 1072 1052; x_wconf 83' lang='lat' dir='ltr'>quas</span> <span class='ocrx_word' id='word_1_203' title='bbox 1094 991 1127 1036; x_wconf 78' lang='lat' dir='ltr'>ut</span> <span class='ocrx_word' id='word_1_204' title='bbox 1143 980 1203 1036; x_wconf 80' lang='lat' dir='ltr'>diui</span> <span class='ocrx_word' id='word_1_205' title='bbox 1222 991 1250 1036; x_wconf 88' lang='lat' dir='ltr'>et</span> <span class='ocrx_word' id='word_1_206' title='bbox 1275 980 1310 1035; x_wconf 81' lang='lat' dir='ltr'>de</span> 
     </span>
     <span class='ocr_line' id='line_1_43' title="bbox 817 1071 1310 1142; baseline 0.002 -17"><span class='ocrx_word' id='word_1_207' title='bbox 817 1072 891 1126; x_wconf 83' lang='lat' dir='ltr'>caelo</span> <span class='ocrx_word' id='word_1_208' title='bbox 909 1071 1036 1126; x_wconf 65' lang='lat' dir='ltr'>demissus</span> <span class='ocrx_word' id='word_1_209' title='bbox 1058 1071 1088 1124; x_wconf 89' lang='lat' dir='ltr'>iu</span> <span class='ocrx_word' id='word_1_210' title='bbox 1115 1087 1256 1142; x_wconf 69' lang='lat' dir='ltr'>corpora.</span> <span class='ocrx_word' id='word_1_211' title='bbox 1281 1079 1310 1126; x_wconf 83' lang='lat' dir='ltr'>et</span> 
     </span>
     <span class='ocr_line' id='line_1_44' title="bbox 816 1161 1307 1232; baseline 0.002 -18"><span class='ocrx_word' id='word_1_212' title='bbox 816 1162 882 1232; x_wconf 80' lang='lat' dir='ltr'>qnia</span> <span class='ocrx_word' id='word_1_213' title='bbox 900 1161 991 1230; x_wconf 83' lang='lat' dir='ltr'>igneae</span> <span class='ocrx_word' id='word_1_214' title='bbox 1006 1172 1069 1214; x_wconf 89' lang='lat' dir='ltr'>sunt</span> <span class='ocrx_word' id='word_1_215' title='bbox 1087 1171 1118 1215; x_wconf 85' lang='lat' dir='ltr'>ut</span> <span class='ocrx_word' id='word_1_216' title='bbox 1132 1161 1210 1214; x_wconf 88' lang='lat' dir='ltr'>aiuut</span> <span class='ocrx_word' id='word_1_217' title='bbox 1225 1171 1307 1216; x_wconf 80' lang='lat' dir='ltr'>natu·</span> 
     </span>
     <span class='ocr_line' id='line_1_45' title="bbox 815 1253 1307 1314; baseline 0.004 -8"><span class='ocrx_word' id='word_1_218' title='bbox 815 1271 881 1311; x_wconf 82' lang='lat' dir='ltr'>rae.</span> <span class='ocrx_word' id='word_1_219' title='bbox 899 1253 992 1308; x_wconf 84' lang='lat' dir='ltr'>esdeu</span> <span class='ocrx_word' id='word_1_220' title='bbox 1020 1262 1118 1306; x_wconf 82' lang='lat' dir='ltr'>natura</span> <span class='ocrx_word' id='word_1_221' title='bbox 1141 1254 1307 1314; x_wconf 71' lang='lat' dir='ltr'>mdueenm.</span> 
     </span>
     <span class='ocr_line' id='line_1_46' title="bbox 819 1338 1309 1412; baseline 0.002 -20"><span class='ocrx_word' id='word_1_222' title='bbox 819 1340 881 1392; x_wconf 83' lang='lat' dir='ltr'>illue</span> <span class='ocrx_word' id='word_1_223' title='bbox 898 1357 943 1394; x_wconf 82' lang='lat' dir='ltr'>eas</span> <span class='ocrx_word' id='word_1_224' title='bbox 959 1377 967 1398; x_wconf 87' lang='lat'><strong>.</strong></span> <span class='ocrx_word' id='word_1_225' title='bbox 986 1339 1049 1393; x_wconf 88' lang='lat' dir='ltr'>lieet</span> <span class='ocrx_word' id='word_1_226' title='bbox 1070 1349 1130 1410; x_wconf 90' lang='lat' dir='ltr'>post</span> <span class='ocrx_word' id='word_1_227' title='bbox 1153 1338 1233 1408; x_wconf 82' lang='lat' dir='ltr'>longa</span> <span class='ocrx_word' id='word_1_228' title='bbox 1255 1359 1309 1412; x_wconf 93' lang='lat' dir='ltr'>pu·</span> 
     </span>
     <span class='ocr_line' id='line_1_47' title="bbox 817 1427 1309 1499; baseline -0.014 -15"><span class='ocrx_word' id='word_1_229' title='bbox 817 1439 878 1484; x_wconf 79' lang='lat' dir='ltr'>tant</span> <span class='ocrx_word' id='word_1_230' title='bbox 888 1437 1006 1499; x_wconf 80' lang='lat' dir='ltr'>tempora</span> <span class='ocrx_word' id='word_1_231' title='bbox 1014 1465 1021 1485; x_wconf 86' lang='lat'>‚</span> <span class='ocrx_word' id='word_1_232' title='bbox 1030 1427 1184 1482; x_wconf 81' lang='lat' dir='ltr'>reverti-De</span> <span class='ocrx_word' id='word_1_233' title='bbox 1195 1443 1309 1497; x_wconf 83' lang='lat' dir='ltr'>quarum</span> 
     </span>
     <span class='ocr_line' id='line_1_48' title="bbox 818 1516 1311 1576; baseline -0.006 -4"><span class='ocrx_word' id='word_1_234' title='bbox 818 1520 945 1573; x_wconf 75' lang='lat' dir='ltr'>descensu</span> <span class='ocrx_word' id='word_1_235' title='bbox 966 1519 1000 1572; x_wconf 83' lang='lat' dir='ltr'>acl</span> <span class='ocrx_word' id='word_1_236' title='bbox 1019 1529 1104 1573; x_wconf 87' lang='lat' dir='ltr'>terras</span> <span class='ocrx_word' id='word_1_237' title='bbox 1119 1553 1127 1576; x_wconf 88' lang='lat'><strong>.</strong></span> <span class='ocrx_word' id='word_1_238' title='bbox 1143 1516 1311 1570; x_wconf 81' lang='lat' dir='ltr'>inanissimas</span> 
     </span>
     <span class='ocr_line' id='line_1_49' title="bbox 819 1607 1308 1678; baseline -0.008 -16"><span class='ocrx_word' id='word_1_239' title='bbox 819 1621 916 1664; x_wconf 79' lang='lat' dir='ltr'>texunt</span> <span class='ocrx_word' id='word_1_240' title='bbox 933 1609 1058 1666; x_wconf 77' lang='lat' dir='ltr'>tabulas.</span> <span class='ocrx_word' id='word_1_241' title='bbox 1078 1607 1212 1678; x_wconf 80' lang='lat' dir='ltr'>quomodo</span> <span class='ocrx_word' id='word_1_242' title='bbox 1227 1617 1308 1662; x_wconf 88' lang='lat' dir='ltr'>terre·</span> 
     </span>
     <span class='ocr_line' id='line_1_50' title="bbox 816 1697 1311 1770; baseline -0.008 -14"><span class='ocrx_word' id='word_1_243' title='bbox 816 1721 910 1756; x_wconf 86' lang='lat' dir='ltr'>norum</span> <span class='ocrx_word' id='word_1_244' title='bbox 934 1701 1065 1754; x_wconf 83' lang='lat' dir='ltr'>desiderio</span> <span class='ocrx_word' id='word_1_245' title='bbox 1086 1717 1222 1770; x_wconf 87' lang='lat' dir='ltr'>corporum</span> <span class='ocrx_word' id='word_1_246' title='bbox 1243 1697 1311 1752; x_wconf 89' lang='lat' dir='ltr'>inci·</span> 
     </span>
     <span class='ocr_line' id='line_1_51' title="bbox 818 1792 1308 1863; baseline 0 -19"><span class='ocrx_word' id='word_1_247' title='bbox 818 1793 896 1863; x_wconf 85' lang='lat' dir='ltr'>piant</span> <span class='ocrx_word' id='word_1_248' title='bbox 915 1811 929 1846; x_wconf 85' lang='lat' dir='ltr'>a</span> <span class='ocrx_word' id='word_1_249' title='bbox 947 1793 1055 1847; x_wconf 85' lang='lat' dir='ltr'>divinae</span> <span class='ocrx_word' id='word_1_250' title='bbox 1071 1792 1167 1846; x_wconf 88' lang='lat' dir='ltr'>mentis</span> <span class='ocrx_word' id='word_1_251' title='bbox 1189 1802 1308 1846; x_wconf 84' lang='lat' dir='ltr'>contem·</span> 
     </span>
     <span class='ocr_line' id='line_1_52' title="bbox 817 1879 1312 1951; baseline 0 -19"><span class='ocrx_word' id='word_1_252' title='bbox 817 1880 936 1950; x_wconf 88' lang='lat' dir='ltr'>piatione</span> <span class='ocrx_word' id='word_1_253' title='bbox 958 1879 1063 1934; x_wconf 77' lang='lat' dir='ltr'>ditabis</span> <span class='ocrx_word' id='word_1_254' title='bbox 1083 1879 1181 1932; x_wconf 84' lang='lat' dir='ltr'>deinde</span> <span class='ocrx_word' id='word_1_255' title='bbox 1199 1895 1245 1951; x_wconf 88' lang='lat' dir='ltr'>per</span> <span class='ocrx_word' id='word_1_256' title='bbox 1263 1895 1312 1932; x_wconf 84' lang='lat' dir='ltr'>un-</span> 
     </span>
     <span class='ocr_line' id='line_1_53' title="bbox 817 1969 1310 2041; baseline -0.006 -17"><span class='ocrx_word' id='word_1_257' title='bbox 817 1971 922 2025; x_wconf 85' lang='lat' dir='ltr'>diacum</span> <span class='ocrx_word' id='word_1_258' title='bbox 937 1972 971 2024; x_wconf 85' lang='lat' dir='ltr'>nd</span> <span class='ocrx_word' id='word_1_259' title='bbox 989 1981 1088 2041; x_wconf 84' lang='lat' dir='ltr'>septem</span> <span class='ocrx_word' id='word_1_260' title='bbox 1104 1969 1229 2040; x_wconf 82' lang='lat' dir='ltr'>sphaeras</span> <span class='ocrx_word' id='word_1_261' title='bbox 1249 1970 1310 2040; x_wconf 86' lang='lat' dir='ltr'>pla·</span> 
     </span>
     <span class='ocr_line' id='line_1_54' title="bbox 818 2053 1313 2124; baseline -0.008 -12"><span class='ocrx_word' id='word_1_262' title='bbox 818 2071 938 2114; x_wconf 79' lang='lat' dir='ltr'>netarum</span> <span class='ocrx_word' id='word_1_263' title='bbox 955 2058 1143 2114; x_wconf 80' lang='lat' dir='ltr'>devenientes,</span> <span class='ocrx_word' id='word_1_264' title='bbox 1162 2073 1195 2109; x_wconf 84' lang='lat' dir='ltr'>ex</span> <span class='ocrx_word' id='word_1_265' title='bbox 1214 2053 1313 2124; x_wconf 82' lang='lat' dir='ltr'>singu-</span> 
     </span>
     <span class='ocr_line' id='line_1_55' title="bbox 817 2143 1311 2214; baseline -0.012 -10"><span class='ocrx_word' id='word_1_266' title='bbox 817 2152 850 2204; x_wconf 86' lang='lat' dir='ltr'>lis</span> <span class='ocrx_word' id='word_1_267' title='bbox 866 2169 955 2203; x_wconf 71' lang='lat' dir='ltr'>tanim</span> <span class='ocrx_word' id='word_1_268' title='bbox 970 2148 1087 2214; x_wconf 85' lang='lat' dir='ltr'>singulos</span> <span class='ocrx_word' id='word_1_269' title='bbox 1099 2155 1188 2200; x_wconf 89' lang='lat' dir='ltr'>motus</span> <span class='ocrx_word' id='word_1_270' title='bbox 1201 2161 1269 2214; x_wconf 87' lang='lat' dir='ltr'>quos</span> <span class='ocrx_word' id='word_1_271' title='bbox 1281 2143 1311 2198; x_wconf 93' lang='lat' dir='ltr'>in</span> 
     </span>
     <span class='ocr_line' id='line_1_56' title="bbox 818 2233 1313 2296; baseline -0.022 0"><span class='ocrx_word' id='word_1_272' title='bbox 818 2241 949 2296; x_wconf 84' lang='lat' dir='ltr'>exercitio</span> <span class='ocrx_word' id='word_1_273' title='bbox 968 2251 1089 2293; x_wconf 80' lang='lat' dir='ltr'>terrenae</span> <span class='ocrx_word' id='word_1_274' title='bbox 1103 2233 1243 2290; x_wconf 80' lang='lat' dir='ltr'>viteesint</span> <span class='ocrx_word' id='word_1_275' title='bbox 1259 2233 1313 2288; x_wconf 80' lang='lat' dir='ltr'>lra-</span> 
     </span>
     <span class='ocr_line' id='line_1_57' title="bbox 817 2319 1312 2382; baseline -0.01 -1"><span class='ocrx_word' id='word_1_276' title='bbox 817 2327 925 2382; x_wconf 84' lang='lat' dir='ltr'>biturae</span> <span class='ocrx_word' id='word_1_277' title='bbox 942 2325 1088 2382; x_wconf 84' lang='lat' dir='ltr'>sortiantur</span> <span class='ocrx_word' id='word_1_278' title='bbox 1108 2345 1115 2376; x_wconf 85' lang='grc' dir='ltr'><strong>ι</strong></span> <span class='ocrx_word' id='word_1_279' title='bbox 1134 2323 1261 2378; x_wconf 85' lang='lat' dir='ltr'>videlieet</span> <span class='ocrx_word' id='word_1_280' title='bbox 1281 2319 1312 2376; x_wconf 88' lang='lat' dir='ltr'>in</span> 
     </span>
     <span class='ocr_line' id='line_1_58' title="bbox 821 2411 1311 2489; baseline -0.004 -17"><span class='ocrx_word' id='word_1_281' title='bbox 821 2418 928 2472; x_wconf 74' lang='lat' dir='ltr'>Satirrni</span> <span class='ocrx_word' id='word_1_282' title='bbox 939 2417 1050 2489; x_wconf 69' lang='lat' dir='ltr'>sphaera</span> <span class='ocrx_word' id='word_1_283' title='bbox 1068 2411 1311 2470; x_wconf 76' lang='lat' dir='ltr'>ratiocinationem·</span> 
     </span>
     <span class='ocr_line' id='line_1_59' title="bbox 821 2499 1314 2570; baseline -0.012 -10"><span class='ocrx_word' id='word_1_284' title='bbox 821 2507 849 2560; x_wconf 92' lang='lat' dir='ltr'>in</span> <span class='ocrx_word' id='word_1_285' title='bbox 868 2505 939 2560; x_wconf 87' lang='lat' dir='ltr'>lovis</span> <span class='ocrx_word' id='word_1_286' title='bbox 958 2505 1012 2559; x_wconf 86' lang='lat' dir='ltr'>vim</span> <span class='ocrx_word' id='word_1_287' title='bbox 1034 2501 1149 2570; x_wconf 85' lang='lat' dir='ltr'>agendi.</span> <span class='ocrx_word' id='word_1_288' title='bbox 1169 2501 1198 2556; x_wconf 88' lang='lat' dir='ltr'>in</span> <span class='ocrx_word' id='word_1_289' title='bbox 1215 2499 1314 2556; x_wconf 79' lang='lat' dir='ltr'>Martia</span> 
     </span>
     <span class='ocr_line' id='line_1_60' title="bbox 820 2583 1314 2650; baseline -0.012 -4"><span class='ocrx_word' id='word_1_290' title='bbox 820 2593 1000 2648; x_wconf 76' lang='lat' dir='ltr'>animositatis</span> <span class='ocrx_word' id='word_1_291' title='bbox 1025 2591 1143 2645; x_wconf 80' lang='lat' dir='ltr'>arderem</span> <span class='ocrx_word' id='word_1_292' title='bbox 1166 2627 1174 2650; x_wconf 86' lang='lat'>‚</span> <span class='ocrx_word' id='word_1_293' title='bbox 1194 2589 1223 2644; x_wconf 90' lang='lat' dir='ltr'>in</span> <span class='ocrx_word' id='word_1_294' title='bbox 1246 2583 1314 2642; x_wconf 79' lang='lat' dir='ltr'>Solis</span> 
     </span>
     <span class='ocr_line' id='line_1_61' title="bbox 820 2675 1312 2748; baseline -0.014 -17"><span class='ocrx_word' id='word_1_295' title='bbox 820 2677 953 2731; x_wconf 83' lang='lat' dir='ltr'>sentiendi</span> <span class='ocrx_word' id='word_1_296' title='bbox 967 2675 1150 2748; x_wconf 79' lang='lat' dir='ltr'>opinandique</span> <span class='ocrx_word' id='word_1_297' title='bbox 1170 2684 1312 2731; x_wconf 85' lang='lat' dir='ltr'>naturam.</span> 
     </span>
     <span class='ocr_line' id='line_1_62' title="bbox 822 2759 1314 2818; baseline 0 -2"><span class='ocrx_word' id='word_1_298' title='bbox 822 2765 950 2817; x_wconf 84' lang='lat' dir='ltr'>desiderii</span> <span class='ocrx_word' id='word_1_299' title='bbox 967 2781 1030 2818; x_wconf 90' lang='lat' dir='ltr'>vero</span> <span class='ocrx_word' id='word_1_300' title='bbox 1048 2773 1148 2817; x_wconf 82' lang='lat' dir='ltr'>motum</span> <span class='ocrx_word' id='word_1_301' title='bbox 1165 2761 1194 2814; x_wconf 91' lang='lat' dir='ltr'>in</span> <span class='ocrx_word' id='word_1_302' title='bbox 1215 2759 1314 2816; x_wconf 79' lang='lat' dir='ltr'>circulo</span> 
     </span>
     <span class='ocr_line' id='line_1_63' title="bbox 821 2848 1314 2923; baseline -0.01 -18"><span class='ocrx_word' id='word_1_303' title='bbox 821 2853 951 2910; x_wconf 80' lang='lat' dir='ltr'>Veneris.</span> <span class='ocrx_word' id='word_1_304' title='bbox 971 2848 1166 2923; x_wconf 85' lang='lat' dir='ltr'>pronuntiandi</span> <span class='ocrx_word' id='word_1_305' title='bbox 1181 2849 1314 2918; x_wconf 88' lang='lat' dir='ltr'>interpre-</span> 
     </span>
     <span class='ocr_line' id='line_1_64' title="bbox 822 2934 1314 3010; baseline -0.012 -16"><span class='ocrx_word' id='word_1_306' title='bbox 822 2939 953 3010; x_wconf 87' lang='lat' dir='ltr'>tandique</span> <span class='ocrx_word' id='word_1_307' title='bbox 970 2937 1109 2993; x_wconf 85' lang='lat' dir='ltr'>scientiam</span> <span class='ocrx_word' id='word_1_308' title='bbox 1125 2937 1152 2990; x_wconf 91' lang='lat' dir='ltr'>in</span> <span class='ocrx_word' id='word_1_309' title='bbox 1167 2934 1230 2990; x_wconf 83' lang='lat' dir='ltr'>orbe</span> <span class='ocrx_word' id='word_1_310' title='bbox 1239 2935 1314 2989; x_wconf 74' lang='lat' dir='ltr'>tter·</span> 
     </span>
     <span class='ocr_line' id='line_1_65' title="bbox 822 3023 1316 3098; baseline -0.016 -16"><span class='ocrx_word' id='word_1_311' title='bbox 822 3027 907 3084; x_wconf 84' lang='lat' dir='ltr'>curii.</span> <span class='ocrx_word' id='word_1_312' title='bbox 923 3037 1047 3080; x_wconf 83' lang='lat' dir='ltr'>naturam</span> <span class='ocrx_word' id='word_1_313' title='bbox 1064 3023 1206 3098; x_wconf 81' lang='lat' dir='ltr'>plantandi</span> <span class='ocrx_word' id='word_1_314' title='bbox 1223 3033 1252 3080; x_wconf 89' lang='lat' dir='ltr'>et</span> <span class='ocrx_word' id='word_1_315' title='bbox 1263 3039 1316 3076; x_wconf 79' lang='lat' dir='ltr'>au·</span> 
     </span>
    </p>
   </div>
   <div class='ocr_carea' id='block_1_7' title="bbox 811 3111 1314 3187">
    <p class='ocr_par' dir='ltr' id='par_1_8' title="bbox 811 3111 1314 3187">
     <span class='ocr_line' id='line_1_66' title="bbox 811 3111 1314 3187; baseline -0.002 -21"><span class='ocrx_word' id='word_1_316' title='bbox 811 3117 901 3186; x_wconf 89' lang='lat' dir='ltr'>.gcndi</span> <span class='ocrx_word' id='word_1_317' title='bbox 924 3133 1034 3187; x_wconf 85' lang='lat' dir='ltr'>corpora</span> <span class='ocrx_word' id='word_1_318' title='bbox 1055 3115 1083 3168; x_wconf 86' lang='lat' dir='ltr'>in</span> <span class='ocrx_word' id='word_1_319' title='bbox 1105 3114 1222 3180; x_wconf 85' lang='lat' dir='ltr'>ingressu</span> <span class='ocrx_word' id='word_1_320' title='bbox 1241 3149 1248 3171; x_wconf 89' lang='lat'>.</span> <span class='ocrx_word' id='word_1_321' title='bbox 1270 3111 1314 3166; x_wconf 89' lang='lat' dir='ltr'>iu-</span> 
     </span>
    </p>
   </div>
   <div class='ocr_carea' id='block_1_8' title="bbox 822 3201 1317 3784">
    <p class='ocr_par' dir='ltr' id='par_1_9' title="bbox 822 3201 1317 3784">
     <span class='ocr_line' id='line_1_67' title="bbox 822 3201 1314 3274; baseline -0.01 -18"><span class='ocrx_word' id='word_1_322' title='bbox 822 3205 940 3274; x_wconf 82' lang='lat' dir='ltr'>quiunt.</span> <span class='ocrx_word' id='word_1_323' title='bbox 961 3201 1031 3270; x_wconf 85' lang='lat' dir='ltr'>globi</span> <span class='ocrx_word' id='word_1_324' title='bbox 1050 3201 1154 3256; x_wconf 84' lang='lat' dir='ltr'>lunaris</span> <span class='ocrx_word' id='word_1_325' title='bbox 1173 3211 1314 3256; x_wconf 75' lang='lat' dir='ltr'>exercent.</span> 
     </span>
     <span class='ocr_line' id='line_1_68' title="bbox 825 3287 1317 3360; baseline -0.006 -15"><span class='ocrx_word' id='word_1_326' title='bbox 825 3291 875 3345; x_wconf 79' lang='lat' dir='ltr'>Sed</span> <span class='ocrx_word' id='word_1_327' title='bbox 900 3289 962 3360; x_wconf 87' lang='lat' dir='ltr'>quis</span> <span class='ocrx_word' id='word_1_328' title='bbox 987 3300 1043 3344; x_wconf 89' lang='lat' dir='ltr'>tam</span> <span class='ocrx_word' id='word_1_329' title='bbox 1063 3287 1169 3342; x_wconf 85' lang='lat' dir='ltr'>demens</span> <span class='ocrx_word' id='word_1_330' title='bbox 1193 3299 1233 3340; x_wconf 87' lang='lat' dir='ltr'>est</span> <span class='ocrx_word' id='word_1_331' title='bbox 1257 3321 1265 3344; x_wconf 84' lang='lat'><strong>.</strong></span> <span class='ocrx_word' id='word_1_332' title='bbox 1285 3297 1317 3342; x_wconf 86' lang='lat' dir='ltr'>ut</span> 
     </span>
     <span class='ocr_line' id='line_1_69' title="bbox 823 3381 1315 3446; baseline -0.014 -12"><span class='ocrx_word' id='word_1_333' title='bbox 823 3381 889 3434; x_wconf 81' lang='lat' dir='ltr'>haee</span> <span class='ocrx_word' id='word_1_334' title='bbox 905 3387 1072 3432; x_wconf 78' lang='lat' dir='ltr'>monstruose</span> <span class='ocrx_word' id='word_1_335' title='bbox 1093 3385 1240 3432; x_wconf 81' lang='lat' dir='ltr'>commenta</span> <span class='ocrx_word' id='word_1_336' title='bbox 1255 3391 1315 3446; x_wconf 89' lang='lat' dir='ltr'>pro·</span> 
     </span>
     <span class='ocr_line' id='line_1_70' title="bbox 824 3459 1316 3522; baseline -0.014 0"><span class='ocrx_word' id='word_1_337' title='bbox 824 3468 865 3522; x_wconf 89' lang='lat' dir='ltr'>cul</span> <span class='ocrx_word' id='word_1_338' title='bbox 889 3483 903 3518; x_wconf 86' lang='lat' dir='ltr'>a</span> <span class='ocrx_word' id='word_1_339' title='bbox 924 3466 1042 3520; x_wconf 82' lang='lat' dir='ltr'>iidemu</span> <span class='ocrx_word' id='word_1_340' title='bbox 1066 3485 1118 3520; x_wconf 91' lang='lat' dir='ltr'>non</span> <span class='ocrx_word' id='word_1_341' title='bbox 1147 3459 1316 3518; x_wconf 80' lang='lat' dir='ltr'>removenti</span> 
     </span>
     <span class='ocr_line' id='line_1_71' title="bbox 824 3549 1315 3610; baseline -0.008 -2"><span class='ocrx_word' id='word_1_342' title='bbox 824 3555 896 3610; x_wconf 82' lang='lat' dir='ltr'>Scire</span> <span class='ocrx_word' id='word_1_343' title='bbox 915 3565 1002 3609; x_wconf 84' lang='lat' dir='ltr'>tamen</span> <span class='ocrx_word' id='word_1_344' title='bbox 1022 3570 1054 3607; x_wconf 85' lang='lat' dir='ltr'>ea</span> <span class='ocrx_word' id='word_1_345' title='bbox 1075 3549 1166 3606; x_wconf 85' lang='lat' dir='ltr'>velud</span> <span class='ocrx_word' id='word_1_346' title='bbox 1185 3551 1236 3606; x_wconf 83' lang='lat' dir='ltr'>hoe</span> <span class='ocrx_word' id='word_1_347' title='bbox 1251 3559 1315 3604; x_wconf 84' lang='lat' dir='ltr'>tsn-</span> 
     </span>
     <span class='ocr_line' id='line_1_72' title="bbox 824 3635 1316 3714; baseline -0.014 -17"><span class='ocrx_word' id='word_1_348' title='bbox 824 3655 880 3697; x_wconf 86' lang='lat' dir='ltr'>tutn</span> <span class='ocrx_word' id='word_1_349' title='bbox 897 3641 1029 3714; x_wconf 82' lang='lat' dir='ltr'>prodest,</span> <span class='ocrx_word' id='word_1_350' title='bbox 1050 3637 1146 3710; x_wconf 83' lang='lat' dir='ltr'>nequis</span> <span class='ocrx_word' id='word_1_351' title='bbox 1166 3637 1229 3692; x_wconf 84' lang='lat' dir='ltr'>dunt</span> <span class='ocrx_word' id='word_1_352' title='bbox 1249 3635 1316 3690; x_wconf 80' lang='lat' dir='ltr'>lirec</span> 
     </span>
     <span class='ocr_line' id='line_1_73' title="bbox 824 3721 1317 3784; baseline -0.012 -1"><span class='ocrx_word' id='word_1_353' title='bbox 824 3749 840 3783; x_wconf 80' lang='grc' dir='ltr'><strong>ι</strong></span> <span class='ocrx_word' id='word_1_354' title='bbox 874 3725 1036 3784; x_wconf 86' lang='lat' dir='ltr'>doctissimis</span> <span class='ocrx_word' id='word_1_355' title='bbox 1065 3721 1219 3778; x_wconf 84' lang='lat' dir='ltr'>auctoribus</span> <span class='ocrx_word' id='word_1_356' title='bbox 1255 3721 1317 3777; x_wconf 85' lang='lat' dir='ltr'>ulilt</span> 
     </span>
    </p>
   </div>
   <div class='ocr_carea' id='block_1_9' title="bbox 822 3809 1316 3974">
    <p class='ocr_par' dir='ltr' id='par_1_10' title="bbox 822 3809 1316 3974">
     <span class='ocr_line' id='line_1_74' title="bbox 822 3809 1316 3886; baseline -0.01 -16"><span class='ocrx_word' id='word_1_357' title='bbox 822 3814 911 3870; x_wconf 85' lang='lat' dir='ltr'>verbis</span> <span class='ocrx_word' id='word_1_358' title='bbox 931 3829 1053 3886; x_wconf 81' lang='lat' dir='ltr'>expressa</span> <span class='ocrx_word' id='word_1_359' title='bbox 1065 3809 1157 3882; x_wconf 81' lang='lat' dir='ltr'>legerit</span> <span class='ocrx_word' id='word_1_360' title='bbox 1172 3845 1180 3870; x_wconf 84' lang='lat'>‚</span> <span class='ocrx_word' id='word_1_361' title='bbox 1198 3810 1316 3866; x_wconf 83' lang='lat' dir='ltr'>nonime</span> 
     </span>
     <span class='ocr_line' id='line_1_75' title="bbox 823 3899 1315 3974; baseline -0.012 -14"><span class='ocrx_word' id='word_1_362' title='bbox 823 3905 869 3960; x_wconf 82' lang='lat' dir='ltr'>scd</span> <span class='ocrx_word' id='word_1_363' title='bbox 892 3903 967 3958; x_wconf 79' lang='lat' dir='ltr'>aliud</span> <span class='ocrx_word' id='word_1_364' title='bbox 985 3901 1109 3974; x_wconf 85' lang='lat' dir='ltr'>aliquid.</span> <span class='ocrx_word' id='word_1_365' title='bbox 1127 3899 1201 3972; x_wconf 82' lang='lat' dir='ltr'>quod</span> <span class='ocrx_word' id='word_1_366' title='bbox 1223 3917 1315 3955; x_wconf 79' lang='lat' dir='ltr'>verum</span> 
     </span>
    </p>
   </div>
   <div class='ocr_carea' id='block_1_10' title="bbox 821 3989 1313 4052">
    <p class='ocr_par' dir='ltr' id='par_1_11' title="bbox 821 3989 1313 4052">
     <span class='ocr_line' id='line_1_76' title="bbox 821 3989 1313 4052; baseline -0.008 -3"><span class='ocrx_word' id='word_1_367' title='bbox 821 3995 858 4050; x_wconf 83' lang='lat' dir='ltr'>sit</span> <span class='ocrx_word' id='word_1_368' title='bbox 879 4029 886 4052; x_wconf 88' lang='lat'><strong>.</strong></span> <span class='ocrx_word' id='word_1_369' title='bbox 910 3993 1060 4050; x_wconf 74' lang='lat' dir='ltr'>edidicere</span> <span class='ocrx_word' id='word_1_370' title='bbox 1082 3991 1264 4049; x_wconf 76' lang='lat' dir='ltr'>existimaus.</span> <span class='ocrx_word' id='word_1_371' title='bbox 1285 3989 1313 4046; x_wconf 84' lang='lat' dir='ltr'>in</span> 
     </span>
    </p>
   </div>
   <div class='ocr_carea' id='block_1_11' title="bbox 0 0 1832 5332">
    <p class='ocr_par' dir='ltr' id='par_1_12' title="bbox 0 0 1832 5332">
     <span class='ocr_line' id='line_1_77' title="bbox 0 0 1832 5332; baseline 0 0"><span class='ocrx_word' id='word_1_372' title='bbox 0 0 1832 5332; x_wconf 95' lang='lat' dir='ltr'> </span> 
     </span>
    </p>
   </div>
  </div>
 </body>
</html>
