3630 5334
537 643 581 692 nr
596 637 816 694 manentem
834 639 1063 696 coentrrons.
1217 620 1286 710 ³¹9

253 825 393 887 aarum
420 821 569 912 genere
603 791 841 878 constituta.
864 795 909 880 si
944 821 1043 880 vero
1069 821 1119 878 ex
1155 787 1327 877 demon·

250 910 450 999 stratione
472 907 696 1021 sumpserit
722 907 882 992 bonum
906 964 921 1011 ‚
941 928 1043 992 tunc
1071 903 1327 992 demonstra·

250 1025 337 1110 tiva
368 1025 423 1108 sit
452 1020 584 1106 civilis
623 1019 848 1137 quaestio.
883 1019 1070 1106 Veniunt
1098 1038 1241 1103 autem
1281 1019 1329 1104 in

251 1137 474 1222 materiam
495 1135 652 1247 species
681 1162 731 1216 ex
753 1133 960 1217 rhetorica
978 1165 989 1218 ε
1004 1129 1121 1251 quod
1142 1130 1264 1216 aliter
1283 1133 1328 1217 in

253 1251 427 1346 materia
458 1277 534 1334 sua
565 1243 779 1378 quaelibet
813 1242 988 1334 facultas
1013 1277 1100 1330 non
1127 1263 1267 1358 potest
1288 1273 1331 1330 o-

254 1365 429 1478 perari,
463 1391 591 1476 quam
619 1389 654 1446 ει
686 1389 779 1444 suas
809 1359 1008 1445 adhibeat
1042 1377 1214 1473 partes:
1248 1359 1331 1444 ab·
1463 1381 1466 1405 ¹

253 1475 445 1561 sentibus
463 1476 575 1558 enim
607 1473 766 1558 cunctis
802 1475 887 1558 suis
906 1473 1131 1586 partibus,
1158 1469 1329 1558 rhetori·

255 1617 302 1674 ca
330 1588 419 1702 ipsa
455 1617 627 1704 quoque
661 1606 725 1670 est
759 1585 922 1671 absens.

310 1703 338 1806 4
367 1699 451 1786 Sed
484 1701 683 1816 quoniam
717 1697 770 1782 de
809 1697 1030 1813 speciebus
1063 1697 1229 1785 dictum
1269 1719 1332 1786 est

254 1815 519 1916 rhetoricae,
545 1809 759 1928 quomodo
779 1835 877 1897 sunt
908 1842 1058 1926 genera
1085 1842 1333 1912 causarum,

256 1929 314 2012 ita
340 1948 438 2012 sunt
459 1949 508 2011 ut
527 1926 720 2009 omnium
741 1925 1005 2040 negotiorum
1028 1985 1041 2021 ,
1073 1955 1183 2042 quae
1211 1927 1256 2010 in
1278 1927 1325 2009 ci·

257 2040 331 2126 vili
356 2042 526 2156 negotio
553 2040 777 2123 constituta
804 2061 901 2124 sunt
927 2035 1165 2124 informata.
1189 2040 1224 2124 A
1246 2034 1322 2124 fiut

258 2156 370 2239 iusto
401 2153 598 2238 iudiciale
624 2151 679 2236 sit
706 2181 849 2267 genus.
867 2151 1075 2236 Omnium
1102 2182 1201 2236 vero
1223 2181 1330 2270 quae

258 2267 485 2352 constituta
515 2265 695 2350 incivili
723 2266 967 2382 quaestione
1000 2264 1222 2351 honestum
1265 2263 1333 2352 vel

262 2380 413 2465 utilem
436 2376 564 2464 finem
588 2396 792 2490 ceperunt
814 2435 829 2480 ,
847 2375 1170 2463 deliberativum
1191 2379 1246 2463 sit
1266 2407 1334 2495 ge·

261 2524 367 2578 nus:
393 2494 671 2608 omniumque
706 2492 878 2622 quaein
912 2491 1025 2575 civili
1052 2493 1187 2605 posita
1210 2521 1334 2609 quae·

261 2607 395 2692 stione
424 2602 553 2691 finem
579 2605 780 2707 bonesn,
810 2605 908 2689 iusti
932 2661 946 2706 ‚
966 2603 1120 2691 bonive
1151 2635 1336 2719 sumpse·

261 2739 396 2822 runt,
422 2723 477 2804 sit
511 2717 887 2803 demonstrativum
917 2747 1059 2833 genus.
1081 2717 1164 2804 Sed
1192 2717 1247 2804 de
1272 2719 1335 2802 his

264 2831 478 2918 hactenus.

323 2945 350 3030 5
379 2945 508 3030 Nunc
542 2943 595 3028 de
625 2943 813 3055 partibus
843 2942 1072 3030 rhetoricae
1103 2946 1338 3059 providen-

263 3055 367 3142 dum
408 3078 483 3142 est.
506 3055 647 3141 Partes
679 3056 793 3140 enim
822 3057 1051 3142 rhetoricae
1082 3079 1181 3142 sunt
1216 3060 1338 3175 quin·

266 3199 387 3304 que3
419 3170 641 3274 inventio,
663 3167 726 3254 dis
756 3173 880 3256 ositio
903 3227 917 3272 ‚
940 3171 1121 3254 elocutio
1145 3229 1158 3274 ‚
1182 3201 1338 3257 memo·

263 3315 360 3386 rra,
386 3283 685 3399 pronuntiatio·
744 3305 849 3369 artes
877 3303 1019 3367 autem
1046 3306 1248 3370 vocantur
1278 3283 1339 3368 id·

268 3397 409 3500 circo,
431 3397 534 3514 quia
577 3397 612 3482 si
644 3395 748 3512 quid
769 3396 929 3508 harum·
951 3393 1135 3482 defiterit
1157 3397 1342 3503 oratori,

267 3507 510 3622 imperfecta
532 3506 706 3592 facultas
736 3531 810 3594 est.
840 3509 979 3624 Atque
996 3509 1091 3594 ideo
1112 3541 1223 3627 quae
1237 3511 1341 3594 uni-

267 3651 384 3706 versa
404 3619 590 3705 formant
632 3625 851 3707 oratoriam
874 3621 1150 3729 facultatem,
1178 3655 1228 3708 ea
1249 3653 1339 3738 par·

269 3753 331 3818 tes
349 3733 556 3819 facultatis
581 3733 668 3819 eius
696 3734 861 3824 dicere:
878 3735 983 3820 nihil
1010 3737 1242 3824 absurdum
1264 3757 1339 3826 est.

267 3845 352 3930 Sed
381 3845 457 3928 hae
487 3869 622 3962 partes
647 3849 847 3963 quoniam
877 3849 1106 3934 rhetoricae
1135 3850 1341 3938 facultatis

266 3979 399 4054 sunt,
425 3957 643 4076 totamque
676 3961 924 4048 rhetoricam
956 3961 1197 4052 facultatem
1234 3995 1341 4050 com·
