3630 5334
569 675 633 746 338
948 689 983 736 ιιι
1005 683 1187 744 rorrsruu

542 865 602 901 cum
616 843 718 914 ingenti
729 839 851 913 scrupulo
864 849 979 892 tractare
990 853 1033 904 ag·
1088 833 1197 888 sitalem
1209 841 1311 886 motum
1322 827 1448 884 membris
1461 827 1585 882 omnibus

542 936 693 1007 gredimur:
706 931 821 985 maxime
834 929 900 1000 quia
914 927 979 980 lraec
997 925 1032 978 ad
1088 934 1233 996 praestat3
1257 921 1297 974 ita
1313 919 1383 972 lranc
1401 919 1517 972 animm
1535 934 1583 989 per

540 1027 745 1084 instructionem
760 1021 899 1090 religiosae
922 1031 1033 1070 conver·
1087 1031 1189 1066 omnem
1205 1009 1334 1062 mundani
1353 1008 1471 1080 corporis
1489 1009 1585 1062 molem

540 1115 652 1170 ”tionis
671 1113 787 1182 lideique
810 1127 863 1162 non
886 1105 1034 1178 pertinent.
1088 1101 1212 1154 diffusam
1229 1095 1352 1152 omnibus
1365 1095 1449 1150 totius
1469 1096 1583 1152 muudi.

541 1209 578 1264 Et
590 1207 746 1278 quoniame
763 1197 914 1256 scrutandis
927 1194 1035 1250 divinae
1088 1200 1121 1242 ut
1137 1189 1176 1242 its
1198 1186 1335 1242 dixerim,
1357 1183 1481 1238 menbris
1506 1201 1583 1237 suum

543 1296 610 1364 legis
629 1291 750 1348 arcanis.
769 1305 881 1360 quorum
895 1279 1036 1337 dulcedine
1088 1277 1186 1347 cuique
1201 1287 1301 1330 motum
1313 1272 1514 1328 subministrare
1527 1289 1585 1342 pn-

542 1385 604 1456 piae
620 1391 720 1434 mentes
741 1377 769 1431 iu
792 1373 843 1426 hac
865 1371 921 1428 sits
941 1366 1035 1424 satiari
1090 1375 1225 1420 taverunt.
1238 1365 1306 1418 Nasu
1320 1373 1348 1418 et
1366 1363 1443 1416 staro
1454 1361 1483 1414 id
1496 1360 1584 1432 ipsum

542 1487 597 1524 non
618 1475 749 1539 pmcne,
768 1461 812 1515 iris
834 1453 977 1512 inutilibus
994 1453 1036 1507 rel
1089 1451 1322 1511 sentireridcturt
1336 1469 1414 1522 quem
1433 1459 1539 1506 constat
1557 1451 1584 1502 iu

542 1557 577 1610 ad
587 1553 719 1609 modicum
729 1549 826 1604 intenti
839 1543 1035 1618 prespedimurt
1090 1543 1283 1616 philosophicis
1298 1541 1469 1614 disciplinis.
1491 1559 1580 1612 quan·

541 1655 632 1701 umen
651 1641 674 1696 si
695 1635 862 1693 dulcissimae
885 1631 1037 1687 dilectionis
1091 1643 1148 1687 tum
1170 1631 1206 1684 ad
1227 1632 1378 1703 epicuream
1401 1639 1502 1683 sectam
1521 1646 1584 1700 per·

540 1747 643 1792 vostrae
668 1730 802 1787 voluntati
826 1727 894 1782 satis
918 1723 1033 1778 iecero.
1092 1722 1184 1782 tinet,
1202 1722 1284 1776 luisse
1309 1720 1516 1793 peritissimum:
1537 1735 1586 1769 eu·

510 1854 512 1870 ι
541 1839 710 1896 nequaquam
745 1817 878 1872 inutiliter
906 1811 1038 1868 laborasse
1092 1813 1136 1866 ius
1148 1811 1260 1880 insignis
1268 1807 1515 1882 expositurSerrius
1528 1823 1584 1860 sex·

543 1931 586 1967 mc
599 1910 722 1968 existimo
735 1926 741 1958 ι
756 1903 911 1978 praesertim
924 1918 983 1953 cum
998 1898 1038 1952 si·
1093 1910 1150 1952 tum
1171 1897 1295 1952 aeneidos
1310 1896 1409 1962 librum
1422 1894 1585 1966 explanatu-

543 2009 591 2054 cut
605 2015 683 2070 suque
697 1991 813 2048 dicenda
826 1999 890 2046 sunt
907 1985 1036 2042 salutarie
1092 2002 1137 2038 rus
1148 1986 1187 2037 sic
1197 2001 1304 2038 exorsus
1319 1992 1375 2036 est:
1391 1995 1409 2018 ⁸·
1421 1983 1506 2036 Totus
1521 1981 1585 2050 qui·

543 2105 613 2160 quie
623 2093 780 2140 teneamur.
798 2079 837 2134 sic
848 2075 982 2130 interdurn
996 2072 1037 2126 di·
1093 2071 1153 2124 dem
1162 2070 1293 2136 Virgilius
1306 2069 1418 2124 scientia
1426 2068 1521 2140 plenus
1530 2079 1585 2125 est.

544 2175 629 2229 ccuda
645 2183 708 2227 sunt
721 2169 803 2224 etiam
818 2165 898 2220 noxia
911 2181 981 2234 quse
993 2161 1037 2212 ri·
1094 2162 1120 2214 in
1142 2177 1197 2231 qua
1217 2159 1262 2211 iric
1286 2155 1353 2210 liber
1367 2157 1487 2228 possidet
1509 2173 1587 2227 prrn·

545 2273 642 2318 lentur.
656 2261 700 2312 Sic
721 2257 803 2328 igitur
819 2263 957 2323 sequentes
974 2265 1036 2301 rer-
1093 2247 1220 2320 cipatunr.
1230 2281 1246 2304 „
1267 2247 1300 2298 lu
1311 2245 1362 2298 hoc
1375 2243 1443 2297 libro
1457 2243 1527 2296 dicit
1540 2243 1586 2294 illa

542 2350 641 2405 siculos
663 2365 723 2400 curu
742 2354 844 2412 quanta
862 2349 956 2411 potero
973 2333 1036 2386 bre·
1093 2335 1252 2388 notissima:
1276 2333 1407 2405 principio
1432 2332 1533 2384 caelum
1558 2347 1588 2382 ac

542 2441 629 2494 ritate
639 2449 820 2490 transcurram
830 2467 837 2488 ,
849 2439 881 2481 ut
898 2445 950 2480 non
964 2423 1037 2494 quod
1093 2433 1178 2476 terras
1188 2438 1346 2492 camposque
1361 2420 1492 2489 liquentes
1501 2418 1589 2470 -lu-

542 2525 620 2580 nobis
633 2519 832 2595 approbandum
851 2513 1038 2569 sectandumve
1094 2521 1249 2579 centemque
1261 2507 1367 2576 globum
1382 2507 1465 2558 lunae
1474 2506 1585 2558 titanea-

542 2608 740 2679 sit,sodquod
750 2599 1037 2677 philosophiaBotthii
1095 2618 1147 2670 que
1161 2598 1399 2669 astra-spiritus
1422 2597 1493 2650 intus
1518 2595 1587 2650 alit.

543 2695 673 2754 senserit.
695 2689 816 2756 intellegi
837 2687 943 2738 iaciem-
1095 2699 1233 2758 totumque
1242 2687 1327 2741 inlusa
1338 2703 1384 2757 per
1393 2697 1587 2739 artus-meus

582 2781 614 2838 13
632 2818 650 2842 ‚s
664 2782 707 2834 Tu
717 2778 831 2850 iripiicis
841 2774 953 2826 medium
962 2783 1038 2828 eim..
1095 2778 1182 2844 agitat
1201 2775 1304 2828 molem.
1328 2775 1396 2826 Ecce
1421 2789 1501 2842 quam
1520 2771 1588 2824 Bo&-

540 2867 698 2939 Philusopbi
727 2881 807 2917 uuum
834 2861 917 2916 totius
944 2856 1037 2912 mundi
1094 2863 1169 2918 thius
1195 2858 1310 2916 ahimam
1337 2860 1432 2916 dicit.
1457 2855 1589 2926 Virgilius

543 2975 664 3026 magnam
677 2953 802 3008 videlicet
818 2951 933 3004 unimam
951 2947 1038 3000 dicen·
1092 2949 1218 3021 spiritum
1233 2961 1277 3006 ‚ut
1297 2959 1358 3020 post
1368 2947 1503 3018 puululuru
1519 2963 1589 2998 men·

544 3053 606 3100 tes.
627 3041 712 3095 multa
730 3039 764 3091 de
783 3037 842 3092 tius
857 3035 949 3090 divin&
969 3049 1039 3102 qm·
1095 3052 1148 3093 tem
1170 3049 1258 3094 vocat·
1273 3040 1318 3110 iita
1330 3037 1403 3108 quod
1421 3035 1467 3088 hie
1488 3035 1588 3088 dicitur

543 3129 605 3184 darn
625 3139 722 3182 naturu
743 3137 825 3196 atque
844 3121 967 3196 potentin
986 3137 1039 3172 uon
1095 3129 1212 3180 unimam
1247 3134 1344 3178 cuncta
1370 3133 1520 3178 moventem
1540 3141 1588 3193 pur

540 3219 689 3272 secundum
711 3217 853 3272 seuientem
875 3212 923 3267 sed
942 3229 1039 3266 secun·
1093 3233 1207 3270 consona
1229 3213 1345 3268 membra
1358 3213 1465 3267 resolvis
1477 3247 1484 3270 ‚
1496 3211 1536 3263 ibi
1548 3213 1588 3265 si-

543 3307 607 3360 tium
621 3306 779 3379 opinionum
791 3321 897 3358 tuarum
911 3317 1038 3355 commen·
1095 3309 1236 3376 gnificatur
1257 3305 1284 3357 iu
1306 3305 1350 3357 his
1375 3302 1462 3356 verbis
1478 3339 1485 3359 ,
1503 3311 1587 3354 toturn

543 3405 573 3448 ts
592 3395 727 3452 dixerunt·
736 3395 813 3463 Quae
828 3390 980 3461 quoni-'lma
994 3407 1039 3441 ηο-
1096 3395 1185 3450 iniusa
1202 3411 1249 3464 pcr
1263 3405 1337 3446 artus
1347 3408 1420 3442 mens
1438 3387 1523 3456 agitat
1536 3405 1587 3441 mo·

541 3485 604 3540 stris
632 3481 802 3552 dogmatibus
828 3481 916 3534 aliena
944 3489 1036 3534 sunt.
1097 3481 1168 3534 lem.

541 3582 625 3646 prout
641 3570 783 3624 necessitas
797 3569 878 3621 huius
894 3566 1039 3638 expositio·
1135 3573 1166 3636 ¹i
1184 3571 1223 3622 De
1245 3567 1327 3620 huius
1353 3565 1456 3617 animae
1478 3579 1590 3634 genera-

543 3662 586 3716 uit
596 3661 693 3728 exigit·
705 3659 819 3712 strictim
831 3656 986 3724 ”lingenda
998 3665 1040 3712 »ti
1096 3659 1169 3714 tione
1187 3659 1214 3710 in
1230 3654 1350 3728 praelato
1368 3649 1500 3706 Macrobii
1518 3649 1587 3703 libro

543 3761 714 3805 transeunter
726 3747 952 3802 commentorsndn
964 3757 1038 3799 sunt·
1096 3745 1194 3799 nostris
1213 3741 1323 3796 nuribus
1342 3739 1471 3794 inusitata
1493 3737 1526 3790 tle
1540 3737 1587 3788 'ri-

547 3839 616 3890 Nam
643 3837 713 3890 sicut
740 3836 827 3888 anima
848 3835 1041 3903 cuiuscumque
1097 3849 1170 3885 rnueo
1181 3829 1300 3884 Platonis
1314 3823 1590 3898 excerptafleguntur:

552 3925 668 3978 hominis
691 3935 777 3978 totum
805 3921 895 3992 implet
921 3939 1041 3992 corpus,
1096 3937 1127 3972 err
1149 3917 1373 3990 quibuslricnon
1391 3913 1471 3968 rerba
1487 3931 1534 3985 per
1553 3931 1592 3966 or·
