<?xml version="1.0" encoding="UTF-8"?>
<!DOCTYPE html PUBLIC "-//W3C//DTD XHTML 1.0 Transitional//EN"
    "http://www.w3.org/TR/xhtml1/DTD/xhtml1-transitional.dtd">
<html xmlns="http://www.w3.org/1999/xhtml" xml:lang="en" lang="en">
 <head>
  <title>
</title>
<meta http-equiv="Content-Type" content="text/html;charset=utf-8" />
  <meta name='ocr-system' content='tesseract 3.04.00' />
  <meta name='ocr-capabilities' content='ocr_page ocr_carea ocr_par ocr_line ocrx_word'/>
</head>
<body>
  <div class='ocr_page' id='page_1' title='image "./classicorumauct01vatigoog_0351.png"; bbox 0 0 3630 5334; ppageno 0'>
   <div class='ocr_carea' id='block_1_1' title="bbox 545 619 1445 896">
    <p class='ocr_par' dir='ltr' id='par_1_1' title="bbox 545 619 1445 896">
     <span class='ocr_line' id='line_1_1' title="bbox 548 619 1228 700; baseline 0.015 -12"><span class='ocrx_word' id='word_1_1' title='bbox 548 621 614 692; x_wconf 75' lang='lat'><em>288</em></span> <span class='ocrx_word' id='word_1_2' title='bbox 835 619 1045 694; x_wconf 83' lang='lat' dir='ltr'><strong>FABULAE</strong></span> <span class='ocrx_word' id='word_1_3' title='bbox 1069 625 1228 700; x_wconf 83' lang='lat' dir='ltr'>NOVAE</span> 
     </span>
     <span class='ocr_line' id='line_1_2' title="bbox 545 800 1445 896; baseline 0.011 -27"><span class='ocrx_word' id='word_1_4' title='bbox 545 803 631 870; x_wconf 77' lang='lat' dir='ltr'><em>tum</em></span> <span class='ocrx_word' id='word_1_5' title='bbox 650 800 818 894; x_wconf 75' lang='lat' dir='ltr'><em>Magnus:</em></span> <span class='ocrx_word' id='word_1_6' title='bbox 841 801 1021 896; x_wconf 77' lang='lat' dir='ltr'><em>quiduis?</em></span> <span class='ocrx_word' id='word_1_7' title='bbox 1048 805 1140 874; x_wconf 86' lang='lat' dir='ltr'><em>Tunc</em></span> <span class='ocrx_word' id='word_1_8' title='bbox 1158 833 1227 892; x_wconf 88' lang='lat' dir='ltr'><em>me,</em></span> <span class='ocrx_word' id='word_1_9' title='bbox 1244 808 1445 878; x_wconf 68' lang='lat' dir='ltr'><em>commilito,</em></span> 
     </span>
    </p>
   </div>
   <div class='ocr_carea' id='block_1_2' title="bbox 518 909 1427 3429">
    <p class='ocr_par' dir='ltr' id='par_1_2' title="bbox 541 909 1427 1222">
     <span class='ocr_line' id='line_1_3' title="bbox 544 909 1356 1002; baseline 0.005 -20"><span class='ocrx_word' id='word_1_10' title='bbox 544 910 703 1002; x_wconf 81' lang='lat' dir='ltr'><em>Spoliare</em></span> <span class='ocrx_word' id='word_1_11' title='bbox 728 937 763 981; x_wconf 91' lang='lat' dir='ltr'><em>es</em></span> <span class='ocrx_word' id='word_1_12' title='bbox 784 909 912 986; x_wconf 80' lang='lat' dir='ltr'><em>ausus?</em></span> <span class='ocrx_word' id='word_1_13' title='bbox 934 915 1002 986; x_wconf 84' lang='lat' dir='ltr'><em>Ille</em></span> <span class='ocrx_word' id='word_1_14' title='bbox 1022 921 1179 984; x_wconf 88' lang='lat' dir='ltr'><em>continuo</em></span> <span class='ocrx_word' id='word_1_15' title='bbox 1198 937 1356 987; x_wconf 70' lang='lat' dir='ltr'><em>exscreat</em></span> 
     </span>
     <span class='ocr_line' id='line_1_4' title="bbox 542 1019 1427 1122; baseline 0.006 -31"><span class='ocrx_word' id='word_1_16' title='bbox 542 1019 618 1091; x_wconf 83' lang='lat' dir='ltr'><em>Sibi</em></span> <span class='ocrx_word' id='word_1_17' title='bbox 644 1024 682 1088; x_wconf 92' lang='lat' dir='ltr'><em>in</em></span> <span class='ocrx_word' id='word_1_18' title='bbox 706 1025 910 1108; x_wconf 87' lang='lat' dir='ltr'><em>sinistram,</em></span> <span class='ocrx_word' id='word_1_19' title='bbox 929 1041 963 1092; x_wconf 85' lang='lat' dir='ltr'><em>et</em></span> <span class='ocrx_word' id='word_1_20' title='bbox 988 1042 1119 1116; x_wconf 85' lang='lat' dir='ltr'><em>sputum</em></span> <span class='ocrx_word' id='word_1_21' title='bbox 1137 1025 1254 1118; x_wconf 76' lang='lat' dir='ltr'><em>digitis</em></span> <span class='ocrx_word' id='word_1_22' title='bbox 1273 1029 1427 1122; x_wconf 88' lang='lat' dir='ltr'><em>dissipat.</em></span> 
     </span>
     <span class='ocr_line' id='line_1_5' title="bbox 541 1129 1292 1222; baseline 0.003 -22"><span class='ocrx_word' id='word_1_23' title='bbox 541 1129 599 1200; x_wconf 87' lang='lat' dir='ltr'><em>Sic</em></span> <span class='ocrx_word' id='word_1_24' title='bbox 613 1178 624 1214; x_wconf 88' lang='lat'>‚</span> <span class='ocrx_word' id='word_1_25' title='bbox 637 1134 823 1222; x_wconf 85' lang='lat' dir='ltr'><em>imperator</em></span> <span class='ocrx_word' id='word_1_26' title='bbox 839 1179 850 1216; x_wconf 85' lang='lat'>,</span> <span class='ocrx_word' id='word_1_27' title='bbox 870 1133 959 1203; x_wconf 86' lang='lat' dir='ltr'><em>oculi</em></span> <span class='ocrx_word' id='word_1_28' title='bbox 975 1135 1194 1204; x_wconf 71' lang='lat' dir='ltr'><em>exsilisseant</em></span> <span class='ocrx_word' id='word_1_29' title='bbox 1207 1141 1275 1204; x_wconf 83' lang='lat' dir='ltr'><em>mei</em></span> <span class='ocrx_word' id='word_1_30' title='bbox 1281 1188 1292 1221; x_wconf 85' lang='lat'>‚</span> 
     </span>
    </p>

    <p class='ocr_par' dir='ltr' id='par_1_3' title="bbox 537 1240 1406 1448">
     <span class='ocr_line' id='line_1_6' title="bbox 541 1240 1406 1339; baseline 0.006 -29"><span class='ocrx_word' id='word_1_31' title='bbox 541 1240 584 1310; x_wconf 90' lang='lat' dir='ltr'><em>Si</em></span> <span class='ocrx_word' id='word_1_32' title='bbox 603 1242 699 1329; x_wconf 86' lang='lat' dir='ltr'><em>vidi,</em></span> <span class='ocrx_word' id='word_1_33' title='bbox 721 1263 780 1318; x_wconf 88' lang='lat' dir='ltr'><em>aut</em></span> <span class='ocrx_word' id='word_1_34' title='bbox 805 1249 910 1338; x_wconf 78' lang='lat' dir='ltr'><em>tetigi.</em></span> <span class='ocrx_word' id='word_1_35' title='bbox 945 1247 1029 1314; x_wconf 87' lang='lat' dir='ltr'><em>Tum</em></span> <span class='ocrx_word' id='word_1_36' title='bbox 1049 1251 1102 1314; x_wconf 83' lang='lat' dir='ltr'><em>uir</em></span> <span class='ocrx_word' id='word_1_37' title='bbox 1119 1251 1228 1314; x_wconf 89' lang='lat' dir='ltr'><em>animi</em></span> <span class='ocrx_word' id='word_1_38' title='bbox 1244 1247 1406 1339; x_wconf 84' lang='lat' dir='ltr'><em>simplicis</em></span> 
     </span>
     <span class='ocr_line' id='line_1_7' title="bbox 537 1353 1245 1448; baseline 0.008 -30"><span class='ocrx_word' id='word_1_39' title='bbox 537 1353 585 1419; x_wconf 90' lang='lat' dir='ltr'><em>Id</em></span> <span class='ocrx_word' id='word_1_40' title='bbox 604 1353 746 1423; x_wconf 76' lang='lat' dir='ltr'><em>dedecus</em></span> <span class='ocrx_word' id='word_1_41' title='bbox 766 1375 953 1426; x_wconf 86' lang='lat' dir='ltr'><em>castrorum</em></span> <span class='ocrx_word' id='word_1_42' title='bbox 972 1356 1122 1448; x_wconf 77' lang='lat' dir='ltr'><em>propelli</em></span> <span class='ocrx_word' id='word_1_43' title='bbox 1137 1358 1245 1442; x_wconf 86' lang='lat' dir='ltr'><em>iubet,</em></span> 
     </span>
    </p>

    <p class='ocr_par' dir='ltr' id='par_1_4' title="bbox 530 1462 1419 2110">
     <span class='ocr_line' id='line_1_8' title="bbox 536 1462 1419 1536; baseline 0.008 -7"><span class='ocrx_word' id='word_1_44' title='bbox 536 1462 608 1530; x_wconf 83' lang='lat' dir='ltr'><em>Nec</em></span> <span class='ocrx_word' id='word_1_45' title='bbox 630 1465 752 1532; x_wconf 77' lang='lat' dir='ltr'><em>cadere</em></span> <span class='ocrx_word' id='word_1_46' title='bbox 774 1469 812 1534; x_wconf 89' lang='lat' dir='ltr'><em>in</em></span> <span class='ocrx_word' id='word_1_47' title='bbox 834 1465 930 1533; x_wconf 86' lang='lat' dir='ltr'><em>ilium</em></span> <span class='ocrx_word' id='word_1_48' title='bbox 949 1467 1055 1534; x_wconf 84' lang='lat' dir='ltr'><em>credit</em></span> <span class='ocrx_word' id='word_1_49' title='bbox 1070 1481 1201 1533; x_wconf 89' lang='lat' dir='ltr'><em>tantam</em></span> <span class='ocrx_word' id='word_1_50' title='bbox 1226 1463 1419 1536; x_wconf 80' lang='lat' dir='ltr'><em>audaciam.</em></span> 
     </span>
     <span class='ocr_line' id='line_1_9' title="bbox 535 1573 1316 1667; baseline 0.004 -27"><span class='ocrx_word' id='word_1_51' title='bbox 535 1573 642 1640; x_wconf 84' lang='lat' dir='ltr'><em>Breve</em></span> <span class='ocrx_word' id='word_1_52' title='bbox 664 1591 792 1667; x_wconf 88' lang='lat' dir='ltr'><em>tempus</em></span> <span class='ocrx_word' id='word_1_53' title='bbox 813 1578 1015 1660; x_wconf 78' lang='lat' dir='ltr'><em>intercessit,</em></span> <span class='ocrx_word' id='word_1_54' title='bbox 1036 1591 1070 1642; x_wconf 87' lang='lat' dir='ltr'><em>et</em></span> <span class='ocrx_word' id='word_1_55' title='bbox 1087 1575 1316 1666; x_wconf 79' lang='lat' dir='ltr'><em>monufidcns</em></span> 
     </span>
     <span class='ocr_line' id='line_1_10' title="bbox 536 1683 1321 1774; baseline 0 -22"><span class='ocrx_word' id='word_1_56' title='bbox 536 1683 644 1752; x_wconf 86' lang='lat' dir='ltr'><em>Unum</em></span> <span class='ocrx_word' id='word_1_57' title='bbox 664 1685 708 1750; x_wconf 84' lang='lat' dir='ltr'><em>de</em></span> <span class='ocrx_word' id='word_1_58' title='bbox 729 1686 880 1752; x_wconf 88' lang='lat' dir='ltr'><em>romanis</em></span> <span class='ocrx_word' id='word_1_59' title='bbox 901 1685 1108 1774; x_wconf 83' lang='lat' dir='ltr'><em>prouocabat</em></span> <span class='ocrx_word' id='word_1_60' title='bbox 1127 1685 1321 1767; x_wconf 85' lang='lat' dir='ltr'><em>barbarus;</em></span> 
     </span>
     <span class='ocr_line' id='line_1_11' title="bbox 533 1792 1333 1886; baseline -0.004 -23"><span class='ocrx_word' id='word_1_61' title='bbox 533 1792 611 1863; x_wconf 88' lang='lat' dir='ltr'><em>Sibi</em></span> <span class='ocrx_word' id='word_1_62' title='bbox 631 1799 766 1886; x_wconf 83' lang='lat' dir='ltr'><em>quisque</em></span> <span class='ocrx_word' id='word_1_63' title='bbox 778 1798 915 1878; x_wconf 87' lang='lat' dir='ltr'><em>metuit,</em></span> <span class='ocrx_word' id='word_1_64' title='bbox 932 1797 1038 1884; x_wconf 89' lang='lat' dir='ltr'><em>primi</em></span> <span class='ocrx_word' id='word_1_65' title='bbox 1055 1812 1208 1861; x_wconf 77' lang='lat' dir='ltr'><em>mussant</em></span> <span class='ocrx_word' id='word_1_66' title='bbox 1225 1795 1333 1862; x_wconf 84' lang='lat' dir='ltr'><em>duces.</em></span> 
     </span>
     <span class='ocr_line' id='line_1_12' title="bbox 534 1903 1401 1990; baseline 0.003 -21"><span class='ocrx_word' id='word_1_67' title='bbox 534 1903 688 1974; x_wconf 79' lang='lat' dir='ltr'><em>Tandem</em></span> <span class='ocrx_word' id='word_1_68' title='bbox 710 1906 869 1974; x_wconf 80' lang='lat' dir='ltr'><em>cinaedus</em></span> <span class='ocrx_word' id='word_1_69' title='bbox 895 1904 1032 1988; x_wconf 76' lang='lat' dir='ltr'><em>babitu,</em></span> <span class='ocrx_word' id='word_1_70' title='bbox 1058 1904 1119 1969; x_wconf 85' lang='lat' dir='ltr'><em>sed</em></span> <span class='ocrx_word' id='word_1_71' title='bbox 1144 1928 1238 1972; x_wconf 88' lang='lat' dir='ltr'><em>mars</em></span> <span class='ocrx_word' id='word_1_72' title='bbox 1255 1904 1401 1990; x_wconf 82' lang='lat' dir='ltr'><em>viribus,</em></span> 
     </span>
     <span class='ocr_line' id='line_1_13' title="bbox 530 2011 1254 2110; baseline 0.003 -30"><span class='ocrx_word' id='word_1_73' title='bbox 530 2011 620 2082; x_wconf 85' lang='lat' dir='ltr'><em>Adit</em></span> <span class='ocrx_word' id='word_1_74' title='bbox 640 2017 809 2086; x_wconf 81' lang='lat' dir='ltr'><em>sedentem</em></span> <span class='ocrx_word' id='word_1_75' title='bbox 836 2041 900 2110; x_wconf 88' lang='lat' dir='ltr'><em>pro</em></span> <span class='ocrx_word' id='word_1_76' title='bbox 922 2014 1095 2083; x_wconf 86' lang='lat' dir='ltr'><em>tribunali</em></span> <span class='ocrx_word' id='word_1_77' title='bbox 1110 2016 1254 2101; x_wconf 82' lang='lat' dir='ltr'><em>ducem,</em></span> 
     </span>
    </p>

    <p class='ocr_par' dir='ltr' id='par_1_5' title="bbox 521 2125 1421 2879">
     <span class='ocr_line' id='line_1_14' title="bbox 526 2125 1380 2210; baseline -0.002 -16"><span class='ocrx_word' id='word_1_78' title='bbox 526 2126 577 2194; x_wconf 84' lang='lat' dir='ltr'><em>Et</em></span> <span class='ocrx_word' id='word_1_79' title='bbox 597 2151 674 2196; x_wconf 86' lang='lat' dir='ltr'><em>voce</em></span> <span class='ocrx_word' id='word_1_80' title='bbox 698 2129 811 2198; x_wconf 76' lang='lat' dir='ltr'><em>motti:</em></span> <span class='ocrx_word' id='word_1_81' title='bbox 832 2125 939 2198; x_wconf 77' lang='lat' dir='ltr'><em>iicet?</em></span> <span class='ocrx_word' id='word_1_82' title='bbox 960 2129 1143 2196; x_wconf 83' lang='lat' dir='ltr'><em>Enimvero</em></span> <span class='ocrx_word' id='word_1_83' title='bbox 1161 2129 1238 2194; x_wconf 88' lang='lat' dir='ltr'><em>oiici</em></span> <span class='ocrx_word' id='word_1_84' title='bbox 1249 2129 1380 2210; x_wconf 78' lang='lat' dir='ltr'><em>uirum,</em></span> 
     </span>
     <span class='ocr_line' id='line_1_15' title="bbox 531 2236 1421 2330; baseline 0 -25"><span class='ocrx_word' id='word_1_85' title='bbox 531 2236 575 2305; x_wconf 88' lang='lat' dir='ltr'><em>Ut</em></span> <span class='ocrx_word' id='word_1_86' title='bbox 595 2241 634 2306; x_wconf 90' lang='lat' dir='ltr'><em>in</em></span> <span class='ocrx_word' id='word_1_87' title='bbox 654 2265 692 2307; x_wconf 85' lang='lat' dir='ltr'><em>re</em></span> <span class='ocrx_word' id='word_1_88' title='bbox 716 2242 826 2309; x_wconf 87' lang='lat' dir='ltr'><em>atroci</em></span> <span class='ocrx_word' id='word_1_89' title='bbox 840 2239 987 2330; x_wconf 72' lang='lat' dir='ltr'><em>Magnus</em></span> <span class='ocrx_word' id='word_1_90' title='bbox 1001 2237 1240 2323; x_wconf 76' lang='lat' dir='ltr'><em>stomachans,</em></span> <span class='ocrx_word' id='word_1_91' title='bbox 1266 2242 1421 2327; x_wconf 87' lang='lat' dir='ltr'><em>imperat·</em></span> 
     </span>
     <span class='ocr_line' id='line_1_16' title="bbox 530 2346 1312 2441; baseline 0.003 -29"><span class='ocrx_word' id='word_1_92' title='bbox 530 2346 616 2440; x_wconf 67' lang='lat' dir='ltr'><em>Tum</em></span> <span class='ocrx_word' id='word_1_93' title='bbox 628 2350 770 2441; x_wconf 82' lang='lat' dir='ltr'><em>quidam</em></span> <span class='ocrx_word' id='word_1_94' title='bbox 795 2351 909 2416; x_wconf 85' lang='lat' dir='ltr'><em>senior</em></span> <span class='ocrx_word' id='word_1_95' title='bbox 926 2373 974 2418; x_wconf 75' lang='lat' dir='ltr'><em>cx</em></span> <span class='ocrx_word' id='word_1_96' title='bbox 989 2351 1111 2417; x_wconf 88' lang='lat' dir='ltr'><em>amicis</em></span> <span class='ocrx_word' id='word_1_97' title='bbox 1128 2349 1312 2438; x_wconf 74' lang='lat' dir='ltr'><em>principis3</em></span> 
     </span>
     <span class='ocr_line' id='line_1_17' title="bbox 526 2453 1371 2550; baseline 0.001 -29"><span class='ocrx_word' id='word_1_98' title='bbox 526 2453 629 2523; x_wconf 83' lang='lat' dir='ltr'><em>Hunc</em></span> <span class='ocrx_word' id='word_1_99' title='bbox 645 2481 706 2550; x_wconf 77' lang='lat' dir='ltr'><em>ogo</em></span> <span class='ocrx_word' id='word_1_100' title='bbox 720 2461 885 2526; x_wconf 85' lang='lat' dir='ltr'><em>committi</em></span> <span class='ocrx_word' id='word_1_101' title='bbox 904 2459 1179 2544; x_wconf 78' lang='lat' dir='ltr'><em>satiusfirrtunoe</em></span> <span class='ocrx_word' id='word_1_102' title='bbox 1199 2456 1371 2540; x_wconf 85' lang='lat' dir='ltr'><em>arbitror,</em></span> 
     </span>
     <span class='ocr_line' id='line_1_18' title="bbox 523 2565 1416 2657; baseline 0.004 -25"><span class='ocrx_word' id='word_1_103' title='bbox 523 2565 570 2632; x_wconf 90' lang='lat' dir='ltr'><em>In</em></span> <span class='ocrx_word' id='word_1_104' title='bbox 596 2589 661 2657; x_wconf 80' lang='lat' dir='ltr'><em>quo</em></span> <span class='ocrx_word' id='word_1_105' title='bbox 686 2567 1004 2652; x_wconf 64' lang='lat' dir='ltr'><em>immersiones,</em></span> <span class='ocrx_word' id='word_1_106' title='bbox 1025 2591 1127 2657; x_wconf 81' lang='lat' dir='ltr'><em>quam</em></span> <span class='ocrx_word' id='word_1_107' title='bbox 1141 2570 1275 2657; x_wconf 75' lang='lat' dir='ltr'><em>fhrtem</em></span> <span class='ocrx_word' id='word_1_108' title='bbox 1291 2572 1416 2653; x_wconf 80' lang='lat' dir='ltr'><em>virum,</em></span> 
     </span>
     <span class='ocr_line' id='line_1_19' title="bbox 530 2673 1259 2770; baseline 0.007 -28"><span class='ocrx_word' id='word_1_109' title='bbox 530 2673 600 2764; x_wconf 83' lang='lat' dir='ltr'><em>Qui</em></span> <span class='ocrx_word' id='word_1_110' title='bbox 622 2703 701 2746; x_wconf 80' lang='lat' dir='ltr'><em>casu</em></span> <span class='ocrx_word' id='word_1_111' title='bbox 731 2683 833 2748; x_wconf 83' lang='lat' dir='ltr'><em>victus</em></span> <span class='ocrx_word' id='word_1_112' title='bbox 852 2682 1050 2748; x_wconf 84' lang='lat' dir='ltr'><em>temeritatis</em></span> <span class='ocrx_word' id='word_1_113' title='bbox 1068 2695 1101 2747; x_wconf 88' lang='lat' dir='ltr'><em>te</em></span> <span class='ocrx_word' id='word_1_114' title='bbox 1123 2698 1259 2770; x_wconf 79' lang='lat' dir='ltr'><em>arguat.</em></span> 
     </span>
     <span class='ocr_line' id='line_1_20' title="bbox 521 2785 1233 2879; baseline 0 -25"><span class='ocrx_word' id='word_1_115' title='bbox 521 2785 681 2854; x_wconf 81' lang='lat' dir='ltr'><em>Assensit</em></span> <span class='ocrx_word' id='word_1_116' title='bbox 698 2787 873 2879; x_wconf 78' lang='lat' dir='ltr'><em>Magnus,</em></span> <span class='ocrx_word' id='word_1_117' title='bbox 898 2804 933 2854; x_wconf 90' lang='lat' dir='ltr'><em>et</em></span> <span class='ocrx_word' id='word_1_118' title='bbox 949 2791 1106 2879; x_wconf 81' lang='lat' dir='ltr'><em>permisit</em></span> <span class='ocrx_word' id='word_1_119' title='bbox 1129 2788 1233 2856; x_wconf 86' lang='lat' dir='ltr'><em>militi</em></span> 
     </span>
    </p>

    <p class='ocr_par' dir='ltr' id='par_1_6' title="bbox 518 2897 1362 3318">
     <span class='ocr_line' id='line_1_21' title="bbox 518 2897 1291 2986; baseline -0.001 -21"><span class='ocrx_word' id='word_1_120' title='bbox 518 2897 670 2965; x_wconf 85' lang='lat' dir='ltr'><em>Prodire</em></span> <span class='ocrx_word' id='word_1_121' title='bbox 702 2913 849 2982; x_wconf 84' lang='lat' dir='ltr'><em>contra,</em></span> <span class='ocrx_word' id='word_1_122' title='bbox 874 2900 932 2986; x_wconf 85' lang='lat' dir='ltr'><em>qui</em></span> <span class='ocrx_word' id='word_1_123' title='bbox 952 2901 1098 2966; x_wconf 87' lang='lat' dir='ltr'><em>mirante</em></span> <span class='ocrx_word' id='word_1_124' title='bbox 1117 2900 1291 2981; x_wconf 78' lang='lat' dir='ltr'><em>exercitu,</em></span> 
     </span>
     <span class='ocr_line' id='line_1_22' title="bbox 519 3006 1215 3100; baseline 0 -24"><span class='ocrx_word' id='word_1_125' title='bbox 519 3008 621 3076; x_wconf 89' lang='lat' dir='ltr'><em>Dicto</em></span> <span class='ocrx_word' id='word_1_126' title='bbox 651 3006 793 3076; x_wconf 84' lang='lat' dir='ltr'><em>celerius</em></span> <span class='ocrx_word' id='word_1_127' title='bbox 819 3007 908 3076; x_wconf 76' lang='lat' dir='ltr'><em>hosti</em></span> <span class='ocrx_word' id='word_1_128' title='bbox 927 3009 1074 3077; x_wconf 85' lang='lat' dir='ltr'><em>abscidit</em></span> <span class='ocrx_word' id='word_1_129' title='bbox 1091 3027 1215 3100; x_wconf 83' lang='lat' dir='ltr'><em>caput,</em></span> 
     </span>
     <span class='ocr_line' id='line_1_23' title="bbox 521 3118 1362 3212; baseline 0.005 -26"><span class='ocrx_word' id='word_1_130' title='bbox 521 3119 703 3209; x_wconf 84' lang='lat' dir='ltr'><em>Victorque</em></span> <span class='ocrx_word' id='word_1_131' title='bbox 730 3118 832 3186; x_wconf 86' lang='lat' dir='ltr'><em>redit.</em></span> <span class='ocrx_word' id='word_1_132' title='bbox 852 3119 920 3184; x_wconf 88' lang='lat' dir='ltr'><em>His</em></span> <span class='ocrx_word' id='word_1_133' title='bbox 941 3135 1018 3186; x_wconf 86' lang='lat' dir='ltr'><em>tunc</em></span> <span class='ocrx_word' id='word_1_134' title='bbox 1037 3121 1220 3211; x_wconf 87' lang='lat' dir='ltr'><em>Pompeius</em></span> <span class='ocrx_word' id='word_1_135' title='bbox 1240 3137 1362 3212; x_wconf 80' lang='lat' dir='ltr'><em>super=</em></span> 
     </span>
     <span class='ocr_line' id='line_1_24' title="bbox 518 3225 1278 3318; baseline 0.001 -23"><span class='ocrx_word' id='word_1_136' title='bbox 518 3225 657 3298; x_wconf 89' lang='lat' dir='ltr'><em>Corona</em></span> <span class='ocrx_word' id='word_1_137' title='bbox 684 3226 803 3297; x_wconf 84' lang='lat' dir='ltr'><em>militis</em></span> <span class='ocrx_word' id='word_1_138' title='bbox 824 3229 978 3318; x_wconf 80' lang='lat' dir='ltr'><em>equidem</em></span> <span class='ocrx_word' id='word_1_139' title='bbox 998 3245 1031 3296; x_wconf 86' lang='lat' dir='ltr'><em>te</em></span> <span class='ocrx_word' id='word_1_140' title='bbox 1048 3227 1278 3314; x_wconf 67' lang='lat' dir='ltr'><em>donatiuum,</em></span> 
     </span>
    </p>

    <p class='ocr_par' dir='ltr' id='par_1_7' title="bbox 520 3336 1289 3429">
     <span class='ocr_line' id='line_1_25' title="bbox 520 3336 1289 3429; baseline -0.008 -24"><span class='ocrx_word' id='word_1_141' title='bbox 520 3336 610 3429; x_wconf 85' lang='lat' dir='ltr'><em>Quia</em></span> <span class='ocrx_word' id='word_1_142' title='bbox 627 3339 808 3410; x_wconf 84' lang='lat' dir='ltr'><em>vindicasti</em></span> <span class='ocrx_word' id='word_1_143' title='bbox 820 3337 957 3406; x_wconf 84' lang='lat' dir='ltr'><em>laudem</em></span> <span class='ocrx_word' id='word_1_144' title='bbox 978 3339 1114 3406; x_wconf 89' lang='lat' dir='ltr'><em>romani</em></span> <span class='ocrx_word' id='word_1_145' title='bbox 1135 3339 1289 3428; x_wconf 79' lang='lat' dir='ltr'><em>imperiis</em></span> 
     </span>
    </p>
   </div>
   <div class='ocr_carea' id='block_1_3' title="bbox 513 3445 1305 3756">
    <p class='ocr_par' dir='ltr' id='par_1_8' title="bbox 513 3445 1305 3756">
     <span class='ocr_line' id='line_1_26' title="bbox 516 3445 1305 3540; baseline -0.005 -22"><span class='ocrx_word' id='word_1_146' title='bbox 516 3445 589 3518; x_wconf 78' lang='lat' dir='ltr'><em>Sed</em></span> <span class='ocrx_word' id='word_1_147' title='bbox 603 3446 821 3540; x_wconf 64' lang='lat' dir='ltr'><em>estillescant</em></span> <span class='ocrx_word' id='word_1_148' title='bbox 842 3447 930 3516; x_wconf 87' lang='lat' dir='ltr'><em>oculi</em></span> <span class='ocrx_word' id='word_1_149' title='bbox 950 3450 1024 3532; x_wconf 85' lang='lat' dir='ltr'><em>sic,</em></span> <span class='ocrx_word' id='word_1_150' title='bbox 1043 3449 1178 3539; x_wconf 81' lang='lat' dir='ltr'><em>inquit,</em></span> <span class='ocrx_word' id='word_1_151' title='bbox 1212 3451 1305 3531; x_wconf 83' lang='lat' dir='ltr'><em>mei,</em></span> 
     </span>
     <span class='ocr_line' id='line_1_27' title="bbox 518 3557 1277 3650; baseline -0.003 -24"><span class='ocrx_word' id='word_1_152' title='bbox 518 3560 628 3650; x_wconf 84' lang='lat' dir='ltr'><em>Turpe</em></span> <span class='ocrx_word' id='word_1_153' title='bbox 641 3559 730 3628; x_wconf 80' lang='lat' dir='ltr'><em>iilud</em></span> <span class='ocrx_word' id='word_1_154' title='bbox 751 3561 891 3626; x_wconf 84' lang='lat' dir='ltr'><em>imitans</em></span> <span class='ocrx_word' id='word_1_155' title='bbox 912 3557 1144 3626; x_wconf 86' lang='lat' dir='ltr'><em>iusiurandum</em></span> <span class='ocrx_word' id='word_1_156' title='bbox 1158 3557 1277 3626; x_wconf 87' lang='lat' dir='ltr'><em>militis</em></span> 
     </span>
     <span class='ocr_line' id='line_1_28' title="bbox 513 3668 1269 3756; baseline -0.005 -18"><span class='ocrx_word' id='word_1_157' title='bbox 513 3669 593 3738; x_wconf 84' lang='lat' dir='ltr'><em>Nisi</em></span> <span class='ocrx_word' id='word_1_158' title='bbox 609 3685 644 3738; x_wconf 91' lang='lat' dir='ltr'><em>tu</em></span> <span class='ocrx_word' id='word_1_159' title='bbox 669 3668 840 3738; x_wconf 87' lang='lat' dir='ltr'><em>abstulisti</em></span> <span class='ocrx_word' id='word_1_160' title='bbox 861 3671 1016 3736; x_wconf 89' lang='lat' dir='ltr'><em>sarcinas</em></span> <span class='ocrx_word' id='word_1_161' title='bbox 1037 3691 1145 3756; x_wconf 87' lang='lat' dir='ltr'><em>nuper</em></span> <span class='ocrx_word' id='word_1_162' title='bbox 1167 3691 1269 3736; x_wconf 89' lang='lat' dir='ltr'><em>meas·</em></span> 
     </span>
    </p>
   </div>
   <div class='ocr_carea' id='block_1_4' title="bbox 0 0 1820 5334">
    <p class='ocr_par' dir='ltr' id='par_1_9' title="bbox 0 0 1820 5334">
     <span class='ocr_line' id='line_1_29' title="bbox 0 0 1820 5334; baseline 0 6"><span class='ocrx_word' id='word_1_163' title='bbox 0 0 1820 5334; x_wconf 95' lang='lat' dir='ltr'><em> </em></span> 
     </span>
    </p>
   </div>
  </div>
 </body>
</html>
