3638 5332
638 657 801 710 moretm
818 657 863 707 ex
880 659 986 710 roms.
1211 634 1288 734 425

298 826 479 928 pulmones
497 826 700 928 refrigerant
718 885 730 917 ‚
749 827 902 902 iocinere
921 824 1152 904 laborantibus
1171 854 1312 904 succur-

300 967 393 1026 runt.
411 949 601 1029 Vinolenta
625 953 665 1026 in
689 977 757 1026 usu
784 949 925 1024 meliora
951 965 1033 1024 sunt
1051 1005 1061 1039 ,
1080 950 1163 1050 quia
1183 950 1315 1024 mediae

298 1069 434 1146 virtutis
462 1091 553 1148 sunt
580 1070 718 1146 Acerba
744 1069 803 1142 illa
829 1085 911 1143 sunt
941 1127 951 1159 ,
978 1069 1103 1170 quibua
1129 1069 1210 1144 lolia
1237 1098 1315 1145 cur-

298 1207 432 1264 vantur.
453 1191 595 1292 Frigida
615 1193 741 1265 siccata
760 1188 1012 1286 constringunt.
1033 1187 1117 1263 Post
1136 1191 1221 1264 haec
1243 1217 1315 1265 om·

301 1308 360 1380 nia
376 1309 421 1410 (a)
437 1309 555 1409 aprina
572 1309 622 1410 (b)
639 1307 863 1408 appellantur.
877 1303 993 1381 Sucus
1013 1307 1182 1381 malorum
1202 1335 1319 1406 grana·

301 1442 419 1501 torum
443 1426 622 1502 acidorum
648 1426 865 1500 stomachum
897 1442 1122 1500 nauseantem
1150 1427 1316 1526 stringit.

300 1545 399 1624 Mala
420 1574 503 1621 cum
522 1548 635 1646 granis
654 1547 726 1622 suis
745 1547 783 1619 in
802 1563 915 1647 partes
934 1545 1020 1622 <luas
1039 1545 1145 1618 divisa
1169 1547 1207 1618 in
1226 1575 1318 1647 aqua

306 1684 403 1742 cocta
427 1669 527 1768 potui
552 1667 633 1743 dato
659 1667 817 1742 coeliacis
843 1684 877 1740 et
903 1665 1158 1767 dysentericis:
1186 1667 1319 1766 integra

302 1803 431 1876 cocta,
458 1787 497 1860 in
522 1787 603 1862 vino
628 1801 743 1887 pota,
770 1801 890 1858 contra
917 1784 1104 1859 lumbricos
1133 1802 1167 1859 et
1198 1787 1318 1860 tineas.

303 1905 432 1980 Cortex
458 1907 550 1981 sicca
585 1932 669 1980 cum
695 1905 781 2004 galla
816 1905 900 2007 equi
933 1905 1014 1978 trita
1039 1906 1126 1979 vitia
1164 1907 1323 1980 dentium

302 2041 433 2098 curat.
465 2022 576 2098 Cocta
603 2026 641 2097 in
668 2024 749 2097 vino
776 2023 859 2096 trita
891 2023 1112 2123 perniciores
1147 2041 1181 2096 et
1207 2040 1322 2098 tumo-

304 2171 357 2216 res
385 2169 504 2218 omnes
529 2143 619 2217 tollit
639 2144 856 2242 gingivarum
876 2203 884 2218 .
906 2142 1007 2244 Aqua
1031 2201 1041 2234 ‚
1070 2145 1107 2218 in
1131 2171 1200 2244 qua
1220 2161 1319 2216 cocta

301 2263 440 2352 suerit,
467 2262 696 2360 gargarizatur
730 2277 851 2336 contra
885 2279 1037 2336 tumores
1071 2262 1316 2361 gingivarum.

302 2377 384 2454 Flos
404 2380 479 2454 eius
498 2380 627 2453 arboris
650 2437 660 2470 ,
680 2379 741 2480 qui
762 2405 969 2454 emnonruas
991 2382 1038 2481 (c)
1059 2396 1201 2454 vocatur
1222 2436 1232 2471 ‚
1253 2379 1317 2452 sio·

303 2514 402 2571 catur
422 2498 608 2598 inumbra
628 2529 639 2575 r
663 2498 764 2572 tritus
790 2498 951 2572 omnibus
976 2499 1177 2574 vulneribus
1205 2498 1318 2574 mede·

302 2635 391 2694 tur:
419 2645 501 2692 cum
526 2618 626 2692 melle
652 2618 757 2692 tritus
781 2618 924 2692 vulnera
951 2620 1019 2692 oris
1045 2636 1152 2694 curat.

356 2739 404 2814 25
431 2736 605 2812 Pinorum
623 2737 743 2813 nuclei
761 2738 963 2812 calidissimi
982 2756 1083 2816 sunt:
1097 2739 1219 2814 lortius
1238 2765 1319 2812 vcn-

302 2875 393 2931 trem
412 2877 629 2932 commovent
648 2917 657 2950 ‚
677 2859 896 2934 stomachum
916 2875 951 2932 et
970 2886 1070 2932 renes
1091 2859 1317 2950 calefaciunt,

303 2979 444 3052 urinam
469 2996 617 3078 purgant
638 3009 647 3055 e
680 3003 763 3053 cum
789 2979 873 3052 vino
904 2978 1000 3052 dulci
1029 2980 1139 3079 potati
1163 2996 1320 3054 ventrem

306 3099 522 3176 moventFit
541 3129 583 3174 ex
604 3099 728 3174 iisdem
742 3099 947 3200 oxyporium
960 3099 1057 3173 utile.
1065 3098 1220 3174 Nucleos
1239 3127 1320 3200 pur-

304 3239 396 3318 gatos
425 3222 532 3295 lasere
555 3280 565 3313 ,
592 3221 712 3312 nitro,
733 3221 872 3321 cymino
896 3277 905 3311 ‚
932 3219 1090 3320 palmulis
1115 3221 1284 3296 admixtos
1308 3279 1318 3312 ,

305 3367 388 3414 cum
414 3341 515 3415 melle
542 3341 621 3414 dato
643 3371 652 3418 s
680 3340 889 3438 flegmaticos
917 3356 1049 3414 curant.

368 3459 416 3534 26
444 3459 644 3533 Palmarum
663 3459 899 3532 thebaicarum
917 3457 971 3530 rel
990 3457 1206 3530 nicolaorum
1218 3483 1320 3556 poma

307 3596 390 3653 sunt
409 3579 580 3679 dactylica
604 3579 675 3680 (d):
696 3579 825 3652 habent
844 3577 975 3679 aliquid
996 3577 1140 3654 caloris:
1162 3593 1258 3650 cocta
1279 3577 1317 3650 in

303 3705 384 3778 vino
412 3704 581 3778 stomachi
601 3703 757 3779 dolorem
775 3703 912 3778 tollunt.
935 3701 1046 3777 Cibus
1066 3728 1187 3776 eorum
1205 3701 1317 3776 nutrit

367 3908 406 3972 (a)
421 3911 477 3962 cod.
488 3918 568 3968 topm
584 3912 621 3955 lla
637 3913 747 3956 onustus.
818 3909 859 3974 (o)
876 3914 913 3955 lta
929 3911 1003 3956 corb!
1023 3909 1098 3968 (nan
1116 3916 1142 3956 Δ·
1154 3909 1255 3972 deficit)
1271 3909 1310 3956 tel

306 3995 414 4045 aperias.
482 3982 520 4052 (e)
536 3991 572 4032 lta
591 3987 676 4047 legitur
692 3989 798 4033 mendose
814 3989 836 4031 in
853 3987 939 4032 coelice.
1009 3983 1048 4050 (ct)
1066 3987 1124 4035 Cctl.
1136 3992 1159 4031 B·
1171 3987 1312 4039 dacraaala'ae.

305 4077 365 4122 quas
380 4050 475 4108 loetum
491 4061 561 4108 lectio
576 4063 693 4110 retinenda
710 4071 757 4114 est.
