3638 5332
544 589 622 682 400
725 581 761 648 Γ
875 613 964 662 omis
987 611 1171 664 omnmo

511 799 570 846 ees
594 787 631 844 et
656 769 821 859 Galatae,
839 769 997 844 doctrina
1020 799 1161 870 qnoque
1187 787 1222 842 et
1246 768 1407 843 omnihus
1426 769 1528 844 honis

512 906 653 964 ornatae
672 905 775 964 sunt:
793 888 955 962 muheres
973 917 1054 962 vero
1073 889 1176 962 nirnis
1196 888 1358 962 candidas
1376 890 1527 978 habent,

513 1027 549 1084 et
572 1011 662 1084 viros
687 1007 875 1108 prudentes
900 1023 935 1082 et
959 1008 1056 1082 valde
1082 1009 1234 1098 fideles,
1260 1025 1403 1082 naturae
1428 1009 1467 1082 in
1493 1038 1529 1082 se

512 1132 647 1204 honum
664 1129 839 1204 hahentes.
860 1127 945 1202 Post
967 1127 1127 1204 Ciliciam
1146 1129 1298 1204 occurrit
1310 1133 1356 1226 (a)
1374 1127 1529 1216 Isauria,

511 1279 600 1352 quae
620 1249 708 1322 viros
727 1251 831 1322 fortes
850 1265 885 1320 et
904 1247 1146 1322 latrocinantes
1166 1249 1299 1324 emittit.
1319 1246 1530 1348 Postquam

513 1389 564 1446 est
583 1369 784 1469 Pamphylia
810 1369 905 1465 regio
931 1369 1059 1466 optima
1078 1385 1114 1442 et
1132 1369 1229 1442 valde
1248 1369 1313 1440 sihi
1330 1369 1530 1456 sufficiens,

514 1492 632 1566 oleum
661 1491 813 1564 multum
846 1489 977 1562 faciens
1003 1507 1038 1562 et
1063 1489 1199 1590 replens
1231 1489 1313 1562 alias
1346 1489 1531 1586 regiones.

511 1609 609 1683 Duas
635 1611 737 1682 hahet
764 1607 901 1706 Pergen
929 1624 964 1679 et
992 1606 1105 1681 Siden
1130 1608 1326 1707 splendidas
1351 1609 1532 1686 civitates.

512 1727 597 1802 Post
617 1727 707 1800 hanc
727 1725 838 1825 Lycia
858 1727 952 1824 regio
971 1727 1036 1798 nihi
1055 1727 1232 1800 sufficiens
1251 1727 1354 1800 hahet
1372 1747 1528 1802 montem

511 1849 701 1924 maximum
735 1848 876 1922 nomine
906 1845 1103 1920 Caucasum
1133 1905 1144 1936 ‚
1177 1875 1248 1946 quo
1273 1874 1347 1922 non
1373 1847 1460 1921 alius
1487 1864 1528 1922 ut

510 1967 611 2040 aiunt
635 1966 749 2040 maior
772 1967 838 2039 sub
866 1964 1011 2040 caelum.

566 2085 614 2162 25
642 2083 727 2158 Post
752 2083 895 2184 Lyciam
924 2083 1071 2158 maxima
1095 2081 1178 2156 Asia
1207 2141 1217 2172 ‚
1248 2112 1337 2184 quae
1368 2087 1529 2159 omnihus

513 2202 698 2304 provinciis
723 2203 853 2277 eminet
883 2259 893 2290 ,
919 2219 955 2276 et
983 2203 1087 2274 habet
1120 2202 1388 2276 innumerabiles
1418 2203 1534 2278 cirita·

512 2340 564 2398 tes
588 2381 598 2412 ‚
624 2323 787 2398 maximas
817 2351 898 2398 vero
923 2340 959 2396 et
988 2323 1080 2397 circa
1110 2349 1204 2396 ruam
1235 2323 1360 2396 multas
1389 2323 1532 2424 quidem

512 2445 616 2520 hahet
637 2473 649 2540 ;
674 2473 717 2518 ex
741 2444 867 2545 quihus
893 2442 1071 2543 Ephesum
1095 2443 1275 2518 nominare
1300 2445 1533 2520 necessarium

513 2583 622 2667 puto:
640 2565 726 2638 haec
751 2583 892 2665 portum
917 2565 1046 2638 dicitur
1071 2565 1195 2638 hahere
1221 2566 1456 2666 praecipuum.
1478 2563 1533 2638 Si-

511 2688 639 2760 militer
664 2703 782 2760 autem
807 2703 841 2758 et
869 2683 1020 2786 Smyrna
1052 2687 1170 2760 civitas
1200 2687 1395 2786 splendida.
1420 2685 1531 2784 Regio

513 2824 631 2882 autem
656 2823 726 2880 tota
750 2807 947 2904 frugifera,
973 2806 1053 2880 vina
1077 2807 1169 2880 varia
1193 2808 1395 2908 proferens,
1415 2807 1533 2882 oleum

511 2953 652 3026 quoque
681 2981 692 3014 ‚
718 2925 848 3000 orizam
875 2983 886 3015 ,
911 2925 1067 3014 alicam,
1101 2942 1137 2998 et
1161 2953 1349 3026 purpuram
1373 2927 1529 3002 bonam.

563 3045 613 3120 26
639 3045 725 3120 Post
742 3048 832 3122 hanc
853 3047 1010 3148 sequitur
1028 3045 1271 3147 Hellespontus
1286 3105 1298 3136 ,
1313 3049 1406 3145 regio
1425 3049 1529 3146 frugi·

514 3166 588 3238 fera
606 3165 782 3240 [numento
807 3165 889 3240 vino
909 3182 944 3238 et
963 3165 1039 3241 oleo
1062 3221 1073 3253 ,
1098 3181 1217 3238 ornata
1236 3165 1429 3239 civitatibus
1447 3167 1534 3239 anti·

511 3287 611 3387 quis,
635 3285 765 3386 Cyzico
789 3344 800 3375 ‚
825 3284 957 3374 Troia,
978 3303 1014 3358 et
1033 3285 1097 3360 llio
1116 3342 1126 3375 ‚
1146 3313 1235 3386 qrrae
1254 3302 1290 3358 et
1308 3287 1477 3386 positione
1496 3302 1532 3359 et

513 3406 752 3504 magnitudine
764 3422 800 3478 et
817 3421 1020 3480 ornamento
1047 3422 1081 3480 et
1101 3403 1334 3478 formonsitate
1349 3405 1397 3504 (b)
1411 3431 1531 3478 omnes

511 3524 630 3598 laudes
649 3553 809 3624 superare
828 3541 950 3624 potest.
969 3521 1016 3596 Et
1034 3523 1083 3596 ihi
1102 3523 1196 3596 enim
1215 3523 1437 3624 pulchritudo
1456 3548 1532 3596 mu·

514 3642 639 3716 lierum
665 3642 843 3715 laudabilis
869 3659 949 3717 est.
977 3639 1063 3716 Post
1088 3639 1353 3740 Hellespontum
1377 3639 1533 3740 sequitur

511 3760 718 3834 admirabilis
737 3757 898 3860 Bithynia
917 3787 1058 3834 omnem
1077 3759 1232 3833 fructum
1251 3757 1390 3834 habens
1402 3757 1447 3832 ln
1465 3757 1531 3832 hac

574 3967 612 4032 (a)
628 3971 683 4020 cod.
699 3979 787 4018 curm·
849 3969 891 4038 (h)
907 3980 945 4021 tta
964 3975 1015 4022 sol.
1025 3975 1066 4034 pul
1082 3981 1118 4018 snt
1133 3975 1284 4020 archaismus·
