3634 5336
1220 613 1295 692 385

427 779 506 866 DE
541 781 808 890 ANTIQUO
839 782 1079 872 GEOGRA
1092 785 1207 873 PHO

308 891 318 933 l

478 977 540 1048 Qvi
557 977 620 1030 SUB
637 976 866 1032 CONSTANTIO
885 979 959 1034 IMP.
969 979 1131 1034 sempsit.

293 1147 438 1260 Curense
456 1201 504 1253 PP·
516 1201 749 1256 Benedictiuorum
762 1200 836 1254 houd
849 1203 940 1273 procul
954 1199 1020 1256 urbe
1033 1201 1337 1260 Salernomonasterium

293 1293 335 1344 vir
344 1293 376 1344 cl·
386 1291 638 1349 lobillabillonius.
653 1291 770 1348 eiusdem
782 1291 883 1346 ordinis
893 1291 1037 1345 monachus
1051 1327 1058 1349 .
1074 1291 1158 1346 iusoo
1171 1291 1267 1348 itinere
1280 1295 1335 1348 ita-

292 1380 344 1434 lico
363 1401 390 1454 p.
403 1382 658 1438 116-118·brcviter
677 1383 786 1452 quidem
804 1384 850 1437 sed
871 1402 924 1436 non
944 1383 1088 1438 iniucuude
1107 1385 1258 1458 descripsit.
1268 1387 1339 1441 Exin

291 1485 380 1528 aetate
389 1485 479 1528 nostra
489 1475 583 1528 doctus
598 1475 665 1526 alius
675 1475 717 1525 vir
734 1474 815 1542 gallus
826 1487 997 1544 cognomento
1011 1477 1130 1530 Ronanus
1141 1477 1296 1531 monasterii
1306 1495 1337 1530 e·

293 1569 333 1620 ius
342 1564 530 1620 bibliothecam
540 1566 682 1638 prolixiore
692 1569 878 1622 commentario
889 1567 1102 1636 illustravit.Ego
1113 1569 1334 1624 annm-DCCC·

293 1657 393 1708 XXVl.
407 1656 441 1709 ad
455 1656 525 1709 hunc
536 1656 622 1710 locum
637 1657 766 1726 insignem
780 1657 848 1712 lortc
864 1675 1032 1729 progressus,
1048 1669 1075 1712 et
1086 1659 1279 1716 humanitatem
1295 1663 1341 1716 in-

291 1749 406 1801 colarum
426 1749 613 1802 monachorum
629 1761 752 1822 expertus
767 1751 909 1821 plurimum
929 1787 936 1807 ,
953 1749 1045 1820 ibique
1070 1751 1145 1804 brevi
1165 1751 1218 1804 diei
1233 1763 1311 1825 parte
1328 1790 1336 1810 .

300 1851 417 1894 moratus
433 1876 440 1898 .
456 1839 526 1893 nihil
548 1840 622 1892 aliud
645 1839 725 1894 lerme
745 1841 863 1894 videram
889 1859 970 1911 quam
990 1841 1136 1912 diplomata
1155 1843 1259 1914 aliquot
1280 1879 1288 1900 .
1309 1854 1337 1898 et

296 1931 488 1985 nobilissimum
507 1943 589 2002 atque
615 1933 832 2003 antiquissimum
858 1933 1000 1986 latinorum
1026 1932 1170 1987 bibliorum
1190 1933 1332 1992 codicem.

296 2023 371 2080 cuius
391 2026 487 2080 deinde
507 2025 684 2098 apographum
700 2063 707 2085 .
726 2024 850 2096 obsequii
870 2027 956 2094 gratia
982 2045 1043 2094 erga
1067 2027 1220 2080 Pontificem
1244 2027 1333 2078 maxi-

293 2135 363 2168 mum
382 2119 493 2170 horrens
513 2117 564 2168 llll
576 2152 584 2174 ,
598 2115 647 2185 qui
666 2133 707 2168 me
725 2115 855 2172 suadente
875 2117 904 2169 id
922 2128 1078 2189 optaverat.
1099 2118 1332 2172 reverendissimus

290 2211 443 2264 monasterii
462 2207 570 2266 Abbas,
587 2226 647 2261 cum
667 2209 721 2260 llll.
732 2207 918 2262 monachorum
932 2209 1062 2276 consilio.
1079 2223 1201 2264 accurate
1220 2209 1313 2263 confici
1326 2245 1333 2264 .

293 2311 375 2372 atque
394 2299 429 2353 ad
448 2299 600 2355 vaticanam
622 2299 815 2356 bibliothecam
839 2301 915 2354 mitti
938 2302 1054 2355 curarit.
1076 2305 1125 2357 Est
1145 2314 1233 2356 autem
1255 2317 1334 2374 prae-

295 2391 361 2444 clari
387 2391 533 2464 apographi
554 2401 646 2446 auctor
668 2393 901 2448 reverendissimus
928 2393 1051 2445 dominus
1076 2393 1104 2444 Ρ.
1126 2393 1255 2461 Egnatius
1276 2393 1332 2443 llu-

292 2483 380 2542 beus.
402 2483 529 2536 Curensis
547 2483 634 2536 arcbii
658 2501 762 2556 praeses
781 2493 810 2536 et
832 2485 989 2554 apostolicus
1008 2483 1205 2554 protonotarius
1225 2521 1233 2542 ‚
1256 2484 1332 2537 cuius

293 2574 433 2632 laborem,
458 2575 627 2629 sedulitatem
647 2612 655 2632 ,
675 2575 828 2629 diuturnam
853 2575 1038 2647 patientiam.
1063 2575 1240 2648 peritiamque
1264 2592 1333 2628 sum·

293 2683 364 2720 mam
384 2667 510 2718 admirari
530 2685 606 2720 nemo
631 2667 697 2720 satis
716 2667 816 2738 poterit
835 2685 843 2729 ς
863 2667 956 2722 merita
983 2685 1044 2723 vero
1069 2669 1126 2722 eius
1146 2685 1208 2735 erga
1227 2666 1333 2720 vatica-

291 2779 353 2815 nam
377 2759 514 2814 Pontificis
537 2759 646 2814 maximi
672 2758 863 2812 bibliothecam
890 2761 1076 2814 immortaliter
1101 2777 1205 2812 manere
1229 2775 1333 2812 necesse

214 2885 222 2896 ·
290 2863 341 2906 est.
360 2852 457 2905 lterum
475 2870 521 2920 ego
540 2852 677 2923 superiore
695 2868 764 2904 anno
783 2850 1014 2903 ntbcccnxx.
1038 2851 1073 2902 ad
1094 2852 1211 2905 Curense
1236 2866 1331 2903 mona-

294 2945 405 2998 sterium
423 2963 560 3004 mausus.
587 2955 617 2996 ut
635 2941 727 2996 biblici
750 2943 894 3014 apographi
917 2941 1108 2996 conlectionem
1127 2961 1196 3012 quae
1220 2942 1273 2994 iam
1295 2939 1332 2992 ad

296 3036 398 3088 mitum
416 3037 540 3105 vergebat
559 3036 733 3108 inspicerem.
752 3037 780 3088 ri
799 3035 906 3106 pluviae
924 3036 1038 3086 maxima
1058 3033 1157 3086 ibidem
1175 3033 1260 3088 solida
1286 3032 1332 3085 die

295 3126 437 3181 subsistere
454 3136 561 3180 coactus
586 3143 659 3180 sum:
684 3136 766 3194 atque
797 3123 904 3178 interim
930 3141 963 3176 ne
991 3123 1018 3176 in
1045 3132 1100 3176 tam
1120 3123 1255 3179 lructuoso
1274 3124 1331 3177 loco

297 3239 446 3280 oessarem.
475 3221 578 3293 inspexi
598 3237 661 3290 prae
685 3219 778 3272 ceteris
797 3219 912 3270 codicem
939 3217 1099 3286 quemdam.
1120 3216 1215 3270 litteris
1238 3215 1331 3285 lango-

290 3312 406 3368 bardicis
425 3315 506 3386 paulo
526 3323 586 3383 post
606 3327 678 3363 saec.
702 3309 737 3360 X·
761 3321 921 3364 exuratum,
942 3307 991 3377 qui
1017 3306 1172 3361 inscribitur
1193 3305 1270 3359 Beda
1291 3307 1327 3361 de

291 3408 474 3475 temporibus,
493 3405 666 3473 continetque
685 3401 791 3471 insuper
809 3400 938 3470 prolixam
953 3399 1046 3452 seriem
1066 3398 1275 3452 testimoniorum
1293 3417 1328 3453 ex

292 3494 405 3548 dirersis
419 3495 542 3566 patribus
563 3495 660 3566 partim
680 3494 791 3550 sortasse
810 3491 972 3544 ineditorum
996 3510 1002 3540 r
1023 3489 1050 3542 in
1076 3491 1133 3544 eius
1153 3503 1240 3545 autem
1259 3491 1331 3544 calce

294 3599 437 3642 tractatum
456 3588 596 3659 quemdam
614 3585 815 3658 geographicum
835 3581 1007 3638 observabam
1032 3618 1039 3640 ‚
1062 3581 1138 3635 euius
1156 3594 1197 3637 est
1216 3583 1330 3639 titulusr

295 3681 425 3734 lNGll’l‘l'
441 3683 541 3734 LlBllll
556 3680 709 3734 {unionis
724 3679 928 3733 PlllLOSOl'lll
943 3717 949 3737 .
964 3679 1000 3731 lli
1014 3678 1087 3747 Quo
1101 3677 1330 3734 constantes

294 3771 424 3823 TOTlUS
437 3771 535 3824 onais
553 3771 769 3824 DESCRlPTlO·
786 3771 866 3825 Porro
885 3771 913 3822 id
927 3773 1055 3842 scriptum
1066 3772 1132 3840 quia
1149 3769 1235 3824 bonae
1247 3770 1331 3840 frugis

295 3863 403 3915 minime
421 3881 531 3933 expers.
551 3863 670 3932 satisque
690 3862 851 3932 antiquum,
871 3872 898 3915 et
917 3879 1024 3915 romano
1044 3861 1131 3913 adhuc
1149 3871 1238 3914 stante
1257 3859 1328 3932 apud

295 3957 471 4010 occidentales
490 3956 600 4029 imperio
619 3955 794 4027 compositum
814 3953 956 4012 ridebam.
975 3953 1098 4026 protinus
1117 3953 1151 4008 ad
1174 3949 1327 4010 exscriben-

988 4046 1035 4122 25
