3606 5356
571 649 648 750 466
930 677 1171 726 ruscius

543 789 748 932 Ferrugo,
770 858 885 932 genus
908 833 1089 936 qwddam
1117 837 1321 919 tincturae,
1346 837 1451 906 simul
1469 859 1564 933 pur-

591 981 714 1060 purae
739 960 920 1055 nigrioris.

542 1077 716 1154 Foedera
745 1077 916 1152 damur
949 1074 1153 1150 sacerdotes
1181 1101 1254 1176 per
1288 1101 1379 1178 quos
1396 1075 1561 1178 foedera

580 1200 682 1302 fient
706 1205 800 1274 mser
826 1199 916 1272 delas
939 1211 1094 1295 gentes,
1119 1221 1215 1299 quae
1237 1211 1321 1298 post
1351 1196 1482 1271 bellun
1510 1199 1564 1268 ad

589 1345 722 1422 pacem
741 1319 900 1394 redeimt.
1360 1397 1362 1402 ,

373 1415 515 1531 ‘3⁰⁸¹‘
541 1440 755 1516 Fauces-et
778 1439 825 1524 ⁰,
848 1435 992 1510 abunde
1011 1439 1230 1537 apameno.

542 1560 779 1645 Forasticas,
805 1562 1019 1630 exteriores,

540 1681 704 1780 Flagitia
722 1736 739 1768 ,
774 1681 946 1756 dictentur
975 1682 1099 1781 turpia
1126 1692 1162 1750 et
1192 1675 1339 1750 sordida
1371 1675 1559 1751 libidinem

594 1825 756 1875 cremae.

541 1919 804 1996 Festiaissimus
820 1974 837 2006 ,
861 1931 914 1990 est
939 1917 1015 1990 dies
1040 1921 1235 2019 plusquam
1250 1913 1381 2018 festus.
1408 1915 1559 1990 Dicitur

593 2055 629 2116 et
652 2039 758 2116 homo
768 2037 1020 2142 festivissimus
1041 2053 1076 2110 et
1097 2036 1363 2112 urbatussinues.

796 2303 962 2352 memoro
987 2304 1047 2350 res
1074 2275 1107 2350 G
1133 2301 1302 2352 mmm.

543 2522 663 2596 Gestio
680 2577 695 2606 ,
718 2525 772 2592 sic
801 2519 1030 2603 declinante,
1056 2515 1234 2620 quomodo
1260 2517 1369 2590 audio
1386 2573 1401 2602 ,
1425 2518 1555 2588 amicio

590 2632 824 2711 amictetam:
851 2647 903 2708 est
924 2637 1018 2708 enim
1039 2638 1153 2731 gestio
1176 2639 1341 2708 ruutrale
1364 2633 1519 2707 verbum.

542 2756 703 2830 Glaucus
721 2759 823 2830 color
842 2755 1022 2827 interdum
1037 2780 1110 2855 pro
1129 2755 1236 2828 viridi
1249 2759 1421 2857 ponitur,
1438 2769 1473 2828 et
1491 2761 1557 2859 qui

589 2877 792 2950 adeamus
811 2873 920 2950 habet
937 2881 1051 2950 virori
1065 2873 1236 2950 alborem.
1255 2876 1300 2953 Ν
1299 2903 1359 2952 am
1377 2875 1556 2976 Virgilius

590 2993 661 3070 hoc
678 2999 815 3082 sciens,
831 2999 982 3094 glaucas
998 2999 1145 3082 salices,
1163 3009 1198 3067 et
1215 2999 1325 3070 olivas
1337 3001 1488 3095 glaucas
1505 2999 1557 3071 di·

589 3119 657 3188 xit.
683 3114 780 3187 Item
805 3119 843 3188 in
864 3119 968 3218 equis
994 3129 1057 3187 aut
1079 3111 1281 3188 hominibus
1308 3117 1434 3212 glauci
1457 3122 1557 3190 oculi

587 3259 662 3336 pro
682 3232 859 3336 splendidi
875 3247 1073 3335 ponwsatr.
1098 3231 1267 3330 Legimus
1289 3259 1556 3338 nomusntquam

589 3369 626 3430 et
643 3357 755 3430 maris
775 3357 933 3430 colorem
952 3358 1125 3451 glaucum
1146 3354 1239 3440 dici,
1256 3355 1322 3427 sed
1337 3369 1424 3430 tunc
1444 3381 1556 3458 quan-

589 3475 637 3548 do
659 3477 816 3549 canescit
821 3469 1011 3568 fluctibus.
1034 3472 1139 3548 Unde
1160 3471 1321 3546 Glaucus
1339 3473 1427 3548 deus
1445 3479 1556 3548 naris

589 3598 711 3668 senior
718 3594 880 3694 fingitur
902 3619 926 3666 a
947 3597 1079 3668 canitie
1085 3593 1282 3692 flucuewn

540 3713 697 3800 Grates,
728 3725 809 3784 sunt
836 3716 979 3808 gratiae
1007 3738 1102 3816 qliae
1131 3726 1319 3810 agnulum
1344 3709 1409 3785 sed
1439 3725 1556 3786 mmen

590 3825 780 3906 indiscrete
797 3835 958 3931 ponitur.
1279 3833 1283 3838 ’

541 3950 697 4038 Globus,
716 3951 851 4027 elicitur
866 3977 1000 4049 genere
1018 3943 1214 4026 masculino
1233 3953 1393 4038 lunaris,
1411 3963 1451 4024 ut
1470 3949 1555 4026 Vir·

586 4075 694 4168 gilius
721 4075 968 4173 lucentemque
989 4067 1137 4166 globum
1161 4073 1278 4144 llatae.
1313 4068 1467 4144 Globum
1492 4095 1555 4144 au»
