3666 5338
552 661 593 726 50
832 639 1200 712 MYTHOGRAPHUS
1224 642 1250 708 Ι.

541 838 584 882 est
609 823 721 878 Teucer.
748 820 815 872 linio
845 815 958 868 Aiacem,
978 830 1009 865 ex

542 913 597 966 elie
616 920 722 966 constet
739 923 796 962 esse
815 915 915 958 nutum·
935 901 1032 954 Tune.

543 1001 668 1056 Hercules
679 998 811 1052 Priamum
824 993 987 1062 redemptum
998 1007 1012 1040 a

545 1091 623 1147 sociis
643 1089 671 1144 in
697 1097 807 1160 paterno
834 1099 913 1150 regno
940 1081 1013 1132 loca-

545 1184 596 1237 vit.

585 1352 642 1428 ¹37·
657 1351 768 1406 Acestae
787 1359 815 1400 ot
833 1343 974 1417 llippotce·

580 1475 756 1585 Laomedon
767 1533 938 1598 praenotatus
952 1540 1012 1578 rex.

548 1617 687 1672 aedificata
710 1613 765 1668 sibi
794 1633 807 1664 n
838 1613 961 1684 Neptuno
988 1620 1015 1660 et

544 1705 667 1780 Apolline
686 1703 782 1760 Troia.
803 1702 865 1754 duro
880 1697 1014 1772 promissis

546 1813 590 1850 cos
609 1791 776 1849 fraudasset,
796 1793 935 1863 Neptunus
962 1789 1015 1840 irn-

495 1955 497 1958 .
545 1894 587 1937 tus
606 1891 677 1934 octos
696 1879 808 1948 grandes
837 1875 897 1929 urbi
924 1874 1011 1926 immi-

545 1971 596 2023 sit:
616 1985 664 2040 pro
678 1966 777 2037 quibus
789 1964 922 2020 consultus
936 1958 1015 2032 Apol·

547 2058 573 2112 lo
592 2055 727 2128 respoudit
746 2050 900 2106 obiciendus
914 2045 1016 2102 nobiles

546 2147 647 2219 puellus
667 2143 771 2198 beluae.
792 2140 870 2210 Quod
889 2155 947 2190 curn
966 2137 1017 2187 iic-

547 2245 603 2292 ret.
630 2235 725 2287 timens
753 2229 882 2300 Hippotes
907 2223 1016 2295 quidem

547 2321 644 2376 nobilis
656 2321 727 2373 filine
737 2318 865 2376 Acestam
881 2327 941 2364 cunr
953 2311 1018 2360 Leo·

547 2409 678 2464 medontis
698 2407 765 2474 rogis
784 2403 840 2457 filiu
859 2404 911 2453 ium
928 2407 1017 2452 esset.

549 2508 608 2552 ortu
634 2487 1017 2556 sedicionemetigormmpo-

548 2593 629 2647 sinn
651 2605 709 2641 eam
724 2583 787 2640 nari
807 2581 881 2636 misit
895 2597 949 2648 quo
966 2574 1018 2628 iors

550 2681 663 2756 tulisset·
683 2677 753 2732 llaec
780 2674 814 2726 nd
831 2670 949 2724 Siciliam
969 2667 1015 2718 de·

549 2773 619 2826 lctt,
638 2765 672 2820 ab
683 2764 786 2820 Acrisio
797 2759 877 2815 fluvio
894 2771 1017 2810 converso

551 2861 579 2912 in
589 2873 680 2910 cenem
689 2852 730 2907 vel
740 2853 768 2904 in
781 2863 870 2901 ursum
887 2843 1017 2916 (rheum-

549 2961 652 3018 pressa.
671 2933 784 2996 Acesten
801 2935 905 2990 edidit:
925 2933 971 3000 qui
984 2946 1017 2980 cx

549 3033 643 3088 metris
662 3029 769 3085 nornine
783 3024 908 3079 Troianis
927 3018 1018 3072 civito·

550 3134 604 3177 tem
618 3118 752 3176 condidit.
766 3132 835 3186 quse
848 3110 929 3165 hodie
942 3107 1019 3160 Aces-

551 3222 580 3264 to
598 3210 759 3264 nominatur.

697 3385 755 3444 138.
770 3385 876 3438 Teucri·

588 3507 718 3620 Teucer
737 3579 812 3617 curn.
832 3559 913 3611 Trois
928 3555 1021 3627 spoliu-

553 3665 598 3710 ta.
623 3652 681 3704 sine
701 3648 781 3702 irntre
802 3657 870 3700 osset
888 3661 1022 3698 reversus,

552 3742 601 3811 qui
614 3753 642 3794 se
657 3739 744 3792 lurore
757 3747 865 3809 propter
882 3749 954 3787 arms
964 3749 1021 3804 pcr-

555 3829 613 3882 ‹lita
632 3825 743 3880 Achillis
771 3824 954 3876 interemerat.
974 3820 1023 3872 Su-

578 3941 618 4005 (t)
635 3947 683 3989 lluc
699 3944 794 3988 sortasse
812 3943 934 3999 respiciens
951 3938 1051 3990 virgilio

548 4024 617 4068 ridor
633 4028 656 4065 in
672 4021 763 4064 croilis
777 4028 801 4062 et
815 4017 881 4077 pella
898 4017 1020 4086 libystidis
1037 4033 1051 4060 ic

1056 4032 1118 4058 rme·

1064 811 1161 865 lumine
1183 811 1287 882 pulsus,
1313 807 1434 862 Sidonem
1460 809 1534 862 venit

1066 917 1098 954 ex
1108 919 1163 971 quo
1171 900 1240 953 Dido
1249 909 1344 952 cuncte
1352 897 1494 965 cognovit(
1514 901 1534 965 ).

1067 991 1091 1042 ls
1107 989 1221 1046 Teucer.
1240 987 1312 1057 quod
1334 987 1462 1040 auxilium
1482 1005 1534 1040 non

1067 1078 1171 1131 dederit
1182 1077 1257 1130 iratri
1271 1096 1319 1131 suo
1338 1075 1493 1133 interiecto.
1506 1085 1535 1128 ut

1068 1167 1178 1236 quidem
1191 1167 1298 1222 volunt,
1321 1165 1390 1239 apud
1410 1166 1534 1229 Troiam

1063 1271 1091 1312 et
1109 1259 1183 1329 quod
1200 1274 1258 1310 ossa
1283 1257 1341 1309 eius
1365 1256 1392 1309 in
1419 1257 1535 1327 putrium

1067 1365 1119 1401 nou
1147 1347 1287 1406 detulerit,
1312 1356 1339 1399 et
1366 1345 1448 1398 lilium
1477 1344 1535 1396 eius

1067 1436 1206 1507 parvulum
1225 1451 1313 1489 sccurn
1334 1451 1387 1488 non
1414 1431 1535 1485 adduxe·

1068 1533 1119 1588 rit,
1139 1525 1297 1582 credebatur
1316 1543 1375 1578 curn
1393 1524 1536 1580 occidisse.

1071 1637 1103 1673 nc
1121 1617 1226 1672 coheres
1245 1615 1302 1668 eius
1321 1625 1406 1678 essot3
1426 1624 1500 1666 octus
1521 1631 1536 1662 n

1069 1719 1146 1779 petre
1166 1707 1193 1759 in
1211 1703 1337 1759 exilium.
1356 1701 1445 1753 Belum
1461 1699 1537 1770 phos·

1070 1798 1169 1852 niciurn
1187 1813 1273 1863 regem
1291 1793 1377 1850 odiit,
1404 1791 1451 1860 qui
1481 1791 1537 1858 Cy·

1069 1905 1145 1960 prum
1166 1884 1276 1937 insulem
1292 1882 1371 1934 urinis
1386 1877 1535 1946 subegerit.

1071 1971 1114 2024 lbi
1132 1972 1232 2024 Teucer
1251 1971 1327 2039 longo
1348 1967 1417 2021 bello
1444 1965 1536 2019 urbem

1071 2061 1208 2116 condidit.
1222 2075 1301 2130 quum
1317 2055 1474 2110 Saloninum
1494 2073 1539 2106 no.

1070 2150 1140 2202 mine
1159 2147 1262 2219 patriae
1274 2145 1390 2198 vocavit.
1405 2143 1454 2194 ldie
1469 2142 1540 2194 Teu-

1071 2255 1114 2290 cer
1132 2255 1191 2288 cuin
1204 2231 1326 2289 hostibus
1343 2231 1441 2283 Densis
1464 2229 1515 2281 loir
1532 2265 1538 2276 .

1072 2323 1148 2377 Alius
1170 2335 1211 2376 est
1228 2322 1328 2373 Teucer
1342 2355 1348 2375 ‚
1370 2336 1386 2368 u
1401 2335 1454 2387 qno
1467 2317 1537 2369 Tro-

1071 2413 1126 2466 iani
1142 2409 1238 2464 Teucri
1254 2408 1393 2463 dicuntur,
1413 2406 1461 2475 qui
1480 2413 1539 2474 post

1070 2501 1189 2555 Durdnni
1209 2496 1312 2551 obitum
1332 2493 1429 2546 Troiae
1454 2509 1539 2544 muros

1072 2586 1206 2641 exstruxit
1236 2595 1264 2638 et
1293 2579 1440 2652 ampliavit.
1472 2577 1540 2630 ,linx

1073 2685 1159 2728 nutem
1173 2683 1200 2724 et
1216 2669 1330 2724 Achilles
1346 2665 1475 2738 patrueles
1490 2659 1541 2714 lu‘e-

1073 2770 1150 2817 runt.
1169 2759 1295 2829 quoniam
1312 2755 1439 2807 Telamon
1453 2761 1479 2804 ct
1498 2751 1541 2802 Pc-

1071 2849 1126 2901 leus
1141 2847 1250 2899 luerunt
1270 2844 1379 2898 iratres,
1411 2839 1491 2893 Aeaci
1514 2839 1542 2890 sr-

1073 2936 1115 2988 lii.

1121 3109 1181 3184 139·
1200 3109 1312 3164 Tithoni
1332 3117 1358 3159 ct
1377 3103 1504 3158 Aurorae.

1108 3233 1269 3343 Tithonus
1279 3285 1331 3338 luit
1342 3283 1422 3336 trater
1440 3281 1544 3331 Laome·

1073 3377 1163 3432 dontis
1190 3377 1257 3440 regis
1283 3371 1475 3436 Troianorum
1495 3365 1543 3434 qui

1074 3483 1135 3518 cunr
1153 3462 1290 3514 adornatus
1309 3457 1401 3510 luisset
1415 3455 1449 3506 ob
1461 3453 1544 3505 huro-

1074 3570 1122 3610 rs.
1148 3551 1227 3622 potiit
1249 3547 1282 3598 ab
1303 3563 1333 3598 ea
1353 3541 1545 3610 longitudinem

1076 3641 1150 3695 vitae
1162 3659 1168 3690 ι
1178 3638 1249 3690 unde
1271 3632 1373 3688 tamdiu
1395 3631 1480 3686 vixit,
1494 3629 1543 3680 do-

1077 3746 1124 3782 nec
1145 3745 1208 3799 prce
1229 3723 1310 3780 nimia
1330 3731 1465 3774 senectute
1484 3735 1543 3770 vcr-

1076 3836 1120 3874 sus
1138 3828 1178 3871 est
1197 3816 1226 3869 in
1246 3813 1374 3866 cicadam.
1395 3809 1444 3862 liic
1462 3811 1545 3862 silium

1054 3957 1063 3982 s
1079 3939 1154 3982 uiclrut
1171 3939 1198 3980 ile
1217 3943 1295 3980 Aceste
1312 3938 1367 3975 tou.
1385 3929 1417 3976 V·
1431 3929 1476 3984 37:
1501 3929 1552 3970 hor·

1243 4012 1281 4073 (2)
1300 4016 1354 4054 too.
1374 4013 1396 4056 l.
1413 4005 1467 4063 619.
