3628 5336
526 708 598 782 ¹9!-
711 615 1077 760 ur‘rnounerrrus
1100 689 1294 760 uerutus

495 871 647 915 exercuerat
668 896 676 916 .
694 858 879 930 perfectionem
900 853 977 912 obrui
1036 861 1079 916 ri,
1101 875 1134 912 ex
1147 876 1179 914 oo
1191 867 1371 928 argumentum
1391 860 1515 920 trahunt.

494 950 606 1022 patitur.
621 947 717 1001 Trahit
732 945 804 999 enim
817 963 924 1002 secum
946 955 979 1001 ut
1033 947 1104 1018 quod
1129 957 1197 1001 teste
1212 946 1348 1002 Macrobio
1374 949 1479 1004 animae
1499 969 1515 1003 a

496 1049 635 1095 autumant
650 1049 796 1110 ‚torporem
812 1053 828 1088 a
845 1037 978 1093 Saturno.
1034 1053 1141 1107 torpore
1159 1037 1264 1090 tandem
1284 1035 1423 1090 redeuntes
1439 1055 1516 1092 ‚eas-

496 1148 511 1181 a
530 1131 615 1182 Murro
634 1124 797 1178 iracundiam
815 1159 823 1182 .
838 1143 853 1176 a
875 1123 979 1178 Venere
1035 1123 1093 1176 <lem
1104 1123 1286 1179 obvolutiones
1297 1124 1359 1178 illue
1371 1125 1515 1184 reducunt.

497 1215 651 1270 titudinem.
666 1231 681 1266 a
698 1210 829 1266 Mercurio
847 1209 914 1264 lueri
931 1227 980 1262 ea-
1034 1209 1104 1262 unde
1116 1227 1160 1263 eas
1183 1221 1376 1283 assumpserant
1385 1231 1395 1276 )
1410 1211 1515 1284 illisque

498 1307 656 1376 prtitorem,
678 1321 693 1355 ι
714 1300 859 1370 loverqni
876 1301 980 1356 daldu-
1012 1361 1016 1370 .
1033 1293 1132 1348 ibidem
1151 1295 1249 1350 relictis
1268 1332 1275 1353 .
1294 1295 1422 1368 pristinos
1438 1299 1516 1366 sipo-

498 1397 576 1445 rimo.
590 1393 662 1460 Qum
678 1409 716 1444 res
731 1427 739 1448 ,
755 1401 786 1444 nt
803 1389 902 1447 aiunt,
920 1407 980 1462 per·
1033 1397 1073 1434 rm
1089 1419 1096 1439 ι
1113 1401 1180 1452 quos
1197 1381 1235 1434 ibi
1252 1383 1394 1436 munerant
1415 1420 1423 1441 .
1442 1401 1517 1435 resu-

498 1479 675 1534 tnulrutionem
691 1477 741 1548 ipsi
753 1476 871 1533 iaciunt.
884 1493 918 1528 ne
930 1493 979 1530 suo
1032 1479 1117 1520 munt,
1134 1469 1211 1538 Quod
1230 1468 1255 1523 ai
1274 1469 1348 1527 illis'.
1369 1469 1515 1540 inquiunt·

496 1567 586 1628 ripere
598 1575 625 1617 et
635 1563 735 1616 viribus
745 1563 860 1634 propriis
870 1561 912 1614 uti
922 1579 981 1632 pos·
1034 1551 1216 1626 incorporatae
1229 1573 1282 1608 non
1292 1565 1379 1610 essem
1394 1593 1401 1614 ‚
1418 1573 1465 1610 nee
1481 1555 1515 1608 ad

497 1653 608 1704 sit-liae
627 1650 707 1703 uliam
724 1649 827 1703 ratione
842 1645 981 1719 perhibent
1033 1659 1141 1712 corpora
1155 1661 1198 1694 eas
1217 1643 1347 1696 deferrent
1357 1680 1365 1701 .
1375 1661 1424 1697 nee
1437 1645 1464 1696 in
1474 1663 1517 1697 ro-

496 1739 675 1794 ruatlrematici
695 1775 703 1798 .
722 1737 794 1812 quod
818 1735 980 1806 singulorum
1031 1729 1091 1785 dim
1114 1729 1176 1782 illue
1193 1741 1365 1801 reportarent
1375 1730 1478 1801 Quibus
1493 1732 1517 1782 si

496 1831 631 1884 „uminum
650 1827 827 1910 Pomgfibp,
839 1825 931 1881 comi
944 1824 980 1879 ,i-
1031 1819 1194 1876 occurrerit,
1210 1819 1315 1889 quodsi
1327 1817 1414 1872 anima
1427 1820 1465 1872 sie
1480 1820 1518 1873 iu·

495 1937 573 1986 rnrrs.
1031 1921 1168 1982 corporato
1186 1909 1283 1961 animal
1302 1944 1310 1965 .
1328 1907 1409 1964 etiarn
1429 1910 1519 1982 prius-

529 2022 555 2076 9
573 2001 682 2074 Reliqua
697 2018 765 2074 quae
781 1995 815 2054 ‹le
830 1995 874 2052 his
888 1997 978 2052 sanait
1029 2019 1110 2072 quarn
1124 2017 1213 2054 verum
1226 2003 1319 2070 corpus
1331 1997 1472 2071 suscipiat,
1483 2003 1518 2054 el·

494 2091 641 2161 antiquitas
655 2128 662 2149 .
685 2087 819 2143 minusad
837 2087 905 2140 hane
925 2103 977 2139 rem
1030 2089 1141 2153 liciturr
1157 2089 1206 2144 hoe
1220 2092 1380 2162 respondent
1394 2111 1446 2146 uon
1461 2109 1519 2156 esse

493 2179 625 2249 pertinere
645 2178 702 2231 risa
722 2188 785 2230 suut
807 2194 816 2239 r
832 2172 979 2244 dequibus
1031 2177 1204 2228 narr-uarium
1222 2213 1229 2233 .
1250 2195 1309 2229 cum
1328 2178 1415 2230 anima
1433 2177 1520 2246 digito

493 2277 583 2322 tumen
600 2263 704 2334 aliquid
721 2281 769 2317 suu
782 2261 840 2317 loeo
856 2259 978 2332 perstrin·
1031 2265 1173 2317 euuiuncta
1188 2282 1240 2318 nou
1254 2265 1346 2319 statim
1362 2265 1459 2318 animal
1479 2263 1519 2316 el-

494 2367 570 2424 gutur
581 2351 726 2406 interimit
735 2349 849 2423 planetis
858 2367 920 2402 vero
933 2366 978 2420 per
1032 2349 1103 2403 ficiat
1115 2370 1124 2413 ι
1136 2361 1163 2402 et
1187 2368 1246 2402 cum
1265 2351 1299 2402 arl
1315 2351 1436 2404 animalis
1453 2369 1518 2404 eon·

494 2444 618 2499 interiora
634 2439 793 2494 descendens
808 2473 816 2496 .
832 2435 914 2490 ιιιίἰι
933 2447 978 2488 ῑιι-
1031 2439 1200 2493 stitutionem
1223 2476 1230 2495 .
1256 2451 1359 2511 praetor
1381 2458 1474 2512 eorpus
1493 2452 1520 2493 et

494 2511 621 2586 multilrus
644 2531 765 2603 pulsetur
779 2528 935 2596 grandinum
951 2539 980 2580 et
1035 2519 1149 2580 animum
1165 2563 1172 2584 .
1191 2526 1272 2580 multa
1292 2528 1441 2598 pertineant
1464 2565 1471 2585 .
1492 2542 1520 2582 ut

494 2618 612 2673 nivium.
626 2615 772 2686 pluviarum
789 2624 815 2666 ut
831 2623 979 2666 ventorum:
1032 2615 1191 2667 senmmlitas
1214 2624 1241 2666 et
1258 2613 1310 2666 alia
1328 2633 1397 2683 quun
1415 2614 1520 2686 physici

496 2707 655 2775 tandemque
671 2699 785 2756 tenebris
798 2699 915 2772 corporis
929 2700 980 2754 ob·
1035 2701 1169 2755 tradunt·
1190 2702 1308 2754 inclusae
1331 2720 1390 2755 reru
1416 2705 1519 2774 corpori

495 2779 603 2846 ¹uoluta.
619 2789 685 2842 aden
703 2787 779 2856 rigua
797 2786 913 2858 eorporis
925 2805 982 2841 rno-
1035 2789 1105 2847 tria.
1123 2789 1250 2860 inquiunt
1267 2825 1274 2847 .
1295 2789 1394 2860 quibus
1416 2789 1445 2844 iu
1463 2807 1520 2858 gra·

496 2877 521 2931 le
532 2886 654 2944 gravetur
667 2911 674 2932 .
687 2887 719 2930 ut
733 2873 849 2929 omniurn
858 2891 927 2944 quae
937 2891 983 2929 an·
1035 2877 1098 2930 dum
1113 2877 1254 2950 pristinam
1273 2877 1381 2931 restitui
1401 2895 1521 2931 meream

497 2978 524 3021 te
544 2974 652 3020 noverat
673 2962 844 3018 obliviscatur
863 2979 880 3036 ty
898 2963 982 3016 nihil·
1034 2975 1078 3020 tur
1092 2951 1125 3020 ex
1144 2977 1241 3019 natura
1261 2965 1491 3020 aeeomnmrlantur
1510 2985 1520 3031 ς

496 3072 550 3126 que
569 3053 620 3105 ianr
641 3047 737 3123 prioris
756 3061 843 3106 status
861 3049 983 3104 recorde-
1035 3052 1075 3105 ira
1091 3051 1232 3109 videlieet.
1247 3069 1318 3123 quae
1332 3052 1429 3106 malurn
1441 3052 1522 3124 repel-

497 3153 557 3197 tur:
571 3140 644 3212 qumi
660 3137 741 3193 etiam
760 3137 787 3192 in
797 3135 915 3193 stultitia
922 3153 983 3208 pue·
1036 3138 1090 3203 lst5
1101 3139 1313 3210 eoncupiscentia
1323 3176 1331 3197 ‚
1340 3157 1410 3210 quae
1423 3138 1521 3192 bonum

499 3247 586 3282 rorum
605 3237 678 3298 patet
691 3225 755 3296 ‚qui
770 3223 884 3278 carbone
896 3223 983 3286 lucer-
1038 3237 1162 3299 appetam
1173 3227 1253 3285 ratio.
1267 3245 1338 3297 quae
1348 3227 1522 3282 interutrum·

498 3335 548 3372 use
557 3317 661 3388 decepti
677 3311 984 3368 laeduntur.0brolutio·
1037 3335 1090 3389 quo
1106 3317 1251 3370 discernat·
1265 3317 1376 3386 linoque
1391 3329 1525 3388 praeterea

499 3405 580 3461 nium
599 3417 686 3459 autem
710 3403 760 3457 illis
784 3414 872 3456 utrum
894 3401 984 3454 incor-
1038 3426 1069 3461 es
1083 3405 1525 3462 industriasdhrlrendadeeernun·

499 3503 625 3566 porenlur
644 3511 677 3546 ιιι
696 3510 768 3548 non·
783 3489 882 3544 diverti
898 3488 984 3542 diver·
1038 3505 1083 3548 tur
1095 3531 1102 3551 .
1114 3493 1236 3547 doctrina
1246 3493 1362 3564 priorum
1377 3514 1525 3566 ‚quoquae

500 3600 532 3638 aa
548 3581 683 3637 sentiunt·
699 3581 751 3650 Qui
775 3579 846 3634 enim
870 3579 984 3632 animam
1038 3579 1167 3634 oblivioni
1182 3579 1296 3634 tradidit
1308 3617 1315 3638 .
1329 3577 1357 3633 in
1375 3581 1526 3636 memoriam

501 3671 554 3724 illis
578 3667 738 3742 incorporari
757 3677 853 3734 negant
877 3703 884 3724 .
910 3683 984 3718 asse·
1039 3671 1165 3736 rerlucat3
1179 3683 1206 3723 et
1224 3670 1285 3726 inde
1300 3671 1373 3742 quod
1391 3670 1464 3744 apud
1479 3687 1526 3724 nos

503 3771 565 3813 runt
582 3757 655 3830 qnod
673 3775 718 3830 per
741 3755 791 3810 troc
801 3755 859 3809 eins
875 3753 983 3806 claritas
1042 3758 1132 3814 lectio,
1146 3759 1218 3830 apud
1232 3759 1345 3814 Graecos
1355 3757 1466 3828 repetita
1480 3775 1527 3811 co-

502 3858 587 3899 rann-r
614 3843 790 3900 obscuretur.
810 3853 879 3894 urent
901 3841 985 3905 inrogo
1039 3845 1123 3912 gnitio
1140 3858 1267 3909 rotatum
1281 3831 1419 3913 vilitasque
1437 3853 1526 3913 poste·

503 3936 537 3990 de
555 3935 633 3988 fumo·
648 3933 702 4002 Qui
718 3949 779 3986 vero
796 3940 915 3985 uerrunt
935 3930 984 3982 illis
1039 3929 1091 3984 rior
1109 3968 1115 3987 .
1131 3951 1184 4000 qua
1201 3932 1273 4002 qunti
1294 3943 1365 3984 rorte
1385 3929 1499 3983 vuluerit
1520 3966 1527 3986 .

503 4023 620 4078 mimam
636 4017 705 4074 uniri
717 4055 724 4078 .
736 4019 817 4074 etiam
835 4017 987 4088 incorpora-
1042 4019 1179 4088 pertrslmt
1203 4020 1237 4074 erl
1255 4021 1383 4074 effectum.
