3628 5336
511 640 577 725 234

492 863 496 876 ,
518 807 545 866 5.
563 808 718 878 Fulgentius
740 806 899 862 Mercurium
922 825 969 858 ne·

485 901 564 964 sotiis
578 917 697 968 praeesse
717 897 803 948 dicit:
826 896 885 947 ideo
899 897 970 948 liler-

483 989 585 1038 ciuiuus
603 986 703 1036 dictum
721 987 798 1053 quasi
813 1001 907 1035 merces
927 1001 971 1034 cu·

482 1087 602 1136 turritum
617 1073 681 1143 quie
701 1073 895 1138 negotiatercu.
912 1071 970 1140 qui·

482 1162 531 1214 lius
551 1173 653 1232 praeest
674 1197 682 1218 .
708 1163 838 1212 mercibus
869 1177 971 1230 semper

485 1251 642 1318 invigilent.
659 1251 718 1302 Siue
739 1248 773 1300 alr
795 1250 872 1325 ἓςμῆς
895 1267 971 1316 grae-

482 1359 513 1394 co
524 1378 530 1398 ‚
541 1342 615 1410 quod
629 1343 758 1394 disserens
768 1343 954 1412 iuterpretatur
965 1379 971 1402 ‚

482 1445 513 1480 eo
531 1429 602 1497 (prend
617 1432 775 1490 negotiatori
792 1431 903 1483 maxime
917 1430 971 1482 lin·

482 1533 591 1582 goaruur
610 1515 734 1570 dissertio
758 1522 796 1568 sit
816 1518 973 1568 necessaria.

481 1603 544 1656 Ideo
558 1603 721 1673 superiot‘uru
736 1617 763 1657 ct
777 1605 918 1658 iul‘croruni
930 1606 973 1657 in·

480 1695 644 1748 ternantiunr
666 1725 686 1749 .·
699 1695 763 1763 quia
790 1701 873 1748 terra's
896 1713 974 1765 pera·

484 1794 580 1852 grant.
597 1799 668 1836 moro
687 1784 831 1837 ascendunt
844 1794 872 1836 et
893 1797 974 1838 trans·

483 1870 583 1925 trctaru
603 1870 768 1936 negotiantes
790 1904 796 1919 ·
818 1871 900 1922 lleucn
919 1889 974 1924 csso

481 1955 566 2008 l'urmn
579 1968 606 2009 ct
618 1958 703 2028 ipuum
714 1956 797 2009 iurem
813 1958 894 2032 ,quia
910 1974 974 2008 mer·

481 2057 582 2102 catores
601 2043 724 2114 periuriis
740 2046 796 2096 suis
817 2057 844 2096 et
862 2044 973 2098 l'allaciis

481 2133 546 2185 alios
565 2132 747 2202 decipientes,
766 2133 873 2185 rniuiiue
896 2151 911 2184 a
929 2134 974 2185 lu-

481 2220 555 2274 ribus
576 2222 687 2275 distent·
711 2223 787 2274 Unde
804 2233 831 2274 ct
849 2223 947 2288 Argium
966 2259 973 2278 .

483 2310 568 2360 oculis
586 2310 610 2360 ei
631 2310 697 2362 lulce
710 2313 918 2368 curtis.clicitur
932 2317 973 2364 nc·

482 2397 600 2453 cidisse.
612 2399 675 2466 quia
695 2401 777 2452 astuti
792 2399 861 2453 liures
879 2413 907 2454 et
927 2402 973 2452 lal-

479 2497 556 2538 catao
572 2488 706 2540 versutiae
718 2489 780 2542 dolo
796 2490 918 2544 instructi
931 2510 973 2544 ne·

481 2581 649 2644 gotiatores.
668 2595 747 2648 saepe
765 2579 846 2631 etiarn
864 2581 972 2652 sapien-

480 2665 596 2717 tissimus
625 2665 697 2719 viros
721 2701 729 2722 .
756 2668 800 2720 scd
830 2669 972 2722 saecularis

479 2751 639 2804 calliditatis
658 2771 753 2806 vacuos
768 2791 775 2810 ‚
790 2755 927 2827 decipiant
944 2769 972 2812 ct

480 2838 637 2893 cleiraudent
655 2859 662 2891 ε
682 2839 768 2906 Argus
788 2859 902 2912 namque
922 2863 969 2896 va-

476 2943 542 2977 cuus
562 2925 771 2998 interpretatur.
792 2930 885 2984 Gallus
912 2937 970 2984 eius

477 3016 622 3083 deputatur
641 3016 800 3074 custodiere.
819 3017 886 3087 quia
904 3017 969 3070 baec

478 3103 535 3154 aris
544 3103 656 3156 inaximo
665 3105 755 3158 boram
766 3104 888 3169 scirpendi
905 3123 968 3156 arer-

477 3191 637 3250 catoribus'‚
653 3191 753 3262 quibus
775 3203 876 3264 praeest
892 3229 899 3251 ,
917 3193 966 3246 de·

474 3291 566 3332 notare
584 3279 716 3332 rideatur.
727 3279 834 3344 Virgaui
851 3281 910 3334 ideo
928 3299 966 3332 se-

474 3367 588 3419 cundum
599 3367 744 3432 lleraieiunr
756 3367 805 3421 lert
818 3407 825 3426 .
837 3367 901 3435 quia
911 3385 962 3420 scr·

472 3471 514 3508 mo
532 3454 672 3508 secundine
688 3467 760 3506 rectn
777 3455 888 3508 rationis
908 3465 965 3506 tra-

472 3543 538 3594 mite
551 3543 747 3614 promptissime
761 3542 959 3612 prrorruutiatur.

472 3632 534 3686 Ideo
548 3633 716 3702 serpentibus
731 3631 850 3684 innexam
868 3642 894 3685 ct
913 3651 961 3682 ca·

706 633 1071 724 MYTHOGchlPHUS
1095 636 1288 704 TERTIUS

1026 817 1070 872 gat
1085 841 1092 864 .
1110 825 1210 876 cosque
1228 807 1281 862 sibi
1297 807 1406 864 invicem
1426 829 1514 864 rocon

1024 896 1127 947 ciliari:
1143 915 1201 948 naus
1213 896 1340 950 bellantes
1354 899 1515 952 disertorum

1024 987 1144 1041 oratioue
1160 987 1299 1040 sedantur.
1317 986 1393 1040 Unde
1418 1005 1512 1040 secuw

1024 1078 1087 1131 duur
1107 1079 1211 1130 Livium
1237 1077 1317 1146 legati
1336 1079 1410 1148 pacis
1429 1079 1515 1130 cadre-

1026 1178 1144 1220 ccutorcs
1157 1168 1333 1238 appellantur.
1352 1166 1425 1220 Sicut
1444 1167 1516 1220 cuim

1026 1271 1072 1323 per
1091 1251 1196 1304 ieciales
1213 1251 1281 1305 belle
1301 1252 1487 1306 indicebantur
1507 1289 1514 1310 .

1028 1341 1065 1395 ita
1088 1360 1139 1412 pu
1162 1359 1208 1412 pcc
1232 1341 1419 1394 caduceatores
1442 1359 1514 1394 conr-

1025 1429 1183 1499 pouelrutur·
1206 1427 1284 1494 Quod
1307 1437 1394 1482 actm
1412 1428 1516 1480 Mercu·

1026 1519 1082 1568 risse
1100 1517 1199 1580 riegani
1219 1516 1286 1566 serre
1305 1525 1432 1586 putetur.
1449 1513 1516 1584 quia

1026 1603 1100 1662 sidus
1108 1603 1250 1660 Mercurii.
1265 1621 1316 1656 uon
1326 1602 1397 1654 sicut
1405 1600 1515 1670 quidam

1028 1693 1150 1762 planctae
1163 1711 1208 1760 per
1219 1691 1354 1744 arrlractus
1364 1689 1465 1760 apsidis
1476 1689 1516 1740 in·

1026 1780 1104 1833 cedet
1117 1815 1124 1836 ,
1139 1781 1247 1848 quando
1260 1795 1318 1830 cura
1330 1778 1385 1832 sole
1397 1787 1455 1835 cst.
1467 1777 1515 1830 sed

1022 1868 1128 1920 directo
1148 1866 1248 1918 leretur
1268 1865 1458 1922 inimicumne
1477 1873 1515 1915 ta·

1026 1972 1085 2008 nien
1116 1965 1203 2026 prurtes
1232 1952 1384 2007 latitudinis
1412 1949 1515 2004 zodiaci

1028 2053 1137 2110 tangens
1147 2063 1155 2104 3
1167 2059 1213 2106 cuc
1231 2041 1339 2110 quidem
1358 2057 1409 2094 non
1422 2035 1513 2110 probo·

1028 2133 1067 2184 Ex
1099 2149 1153 2202 quo
1176 2129 1246 2184 euim
1274 2129 1379 2200 plancta
1401 2127 1515 2197 quilibet

1029 2221 1088 2290 plus
1113 2237 1194 2288 qurum
1224 2235 1301 2269 ainana
1326 2218 1355 2274 in
1374 2214 1517 2268 latitudine

1033 2309 1135 2360 coeliaci
1155 2308 1188 2359 dc
1203 2307 1277 2358 uill-
1297 2304 1374 2356 lineis
1392 2303 1488 2356 transit
1508 2337 1516 2358 .

1032 2412 1104 2454 recto
1123 2400 1229 2452 tramite
1247 2415 1300 2451 non
1318 2404 1359 2449 est
1376 2393 1516 2464 procedere

1028 2486 1179 2556 putandus.
1201 2486 1308 2553 virgam
1328 2484 1398 2536 illem
1416 2497 1514 2534 anemo·

1029 2593 1083 2628 reru
1110 2575 1223 2646 appellat
1250 2573 1422 2630 Martianus.
1448 2571 1513 2641 quic

1028 2683 1113 2718 sermo
1127 2662 1262 2734 utraslibet
1272 2664 1305 2716 sd
1313 2660 1462 2716 memorien
1473 2679 1516 2712 rc-

1027 2753 1110 2806 dncit·
1135 2755 1172 2806 Ea
1190 2752 1270 2806 etiarn
1288 2767 1406 2805 somnum
1424 2749 1471 2802 det
1488 2759 1516 2802 ct

1028 2839 1124 2892 adimit
1146 2841 1237 2909 ,quia
1259 2856 1342 2893 senno
1366 2837 1515 2906 ingeniosus

1024 2930 1085 2983 lites
1103 2929 1190 2988 elias,
1210 2939 1242 2982 ut
1259 2928 1396 2985 diximus.
1415 2929 1487 2999 sopit
1505 2963 1513 2985 ,

1025 3019 1092 3072 alias
1104 3029 1130 3070 et
1141 3033 1337 3086 nonnumquam
1349 3018 1459 3070 excitet.
1467 3017 1513 3068 vi-

1029 3117 1083 3161 tani
1102 3123 1209 3177 quoque
1229 3107 1338 3174 largitur
1356 3117 1384 3159 ct
1402 3105 1514 3162 aufert,

1023 3195 1091 3265 quia
1121 3195 1188 3246 idem
1217 3192 1348 3246 rhetorum
1373 3209 1457 3248 sermo
1484 3194 1513 3248 in

1019 3282 1105 3336 causis
1124 3283 1193 3334 lruuc
1213 3281 1309 3334 liberat
1332 3281 1428 3338 ,hune
1445 3297 1513 3334 con-

1019 3369 1153 3439 dempnut.

1054 3460 1079 3524 4-
1098 3459 1148 3510 Sed
1168 3467 1194 3508 et
1215 3458 1329 3520 sclerum
1346 3457 1446 3510 hebere
1463 3455 1508 3510 di-

1019 3545 1089 3598 citut
1113 3581 1120 3602 ,
1143 3557 1248 3615 propter
1277 3546 1421 3598 involutum
1447 3561 1509 3596 rcr-

1018 3634 1112 3686 ternu
1130 3632 1328 3684 obscuritatem·
1346 3634 1399 3684 nec
1413 3631 1447 3682 ab
1465 3631 1509 3684 lris

473 3723 585 3773 ducenta
609 3722 709 3774 dictem
730 3757 737 3779 ,
762 3720 826 3789 qciia
851 3721 965 3772 rhetoris
1013 3722 1120 3790 «pridem
1138 3720 1246 3785 ltemigii
1266 3719 1388 3771 dissentit
1409 3729 1504 3770 circin-

470 3829 556 3865 scrtnn
579 3812 647 3864 inter
673 3827 815 3865 rencuosas
836 3812 966 3864 adversa-

470 3900 568 3952 rincuru
589 3899 751 3966 litigationes
777 3899 877 3950 medius
897 3915 960 3948 cur-

1018 3813 1083 3864 ritnr
1097 3811 1249 3880 ,potentias
1263 3807 1390 3862 Mercurii
1404 3807 1430 3860 in
1445 3807 1510 3860 baec

1019 3897 1097 3950 recha
1117 3896 1284 3961 assignantis·
1304 3895 1412 3948 Tlrcrnis
1432 3930 1439 3950 .
1464 3897 1508 3946 in-

471 4005 550 4043 rcns.
568 4005 668 4039 orrrruuu
689 3986 772 4038 risam
795 3985 891 4038 cudere
911 4003 956 4036 co·
1015 3991 1074 4058 ‹prit
1101 3988 1272 4046 ‚eluendus
1296 3987 1337 4040 rei
1356 3987 1442 4052 caligo
1463 3987 1507 4038 in·
