3628 5336
543 655 606 722 230

515 831 592 866 unam
605 816 752 888 illamquae
762 837 792 871 er
804 815 924 870 omnibus
936 831 995 866 eon·

515 903 644 956 sonantiis
662 906 798 956 coniicitur
808 939 815 960 ,
825 905 996 955 harmoniam.

515 990 589 1042 t'nae
612 1002 638 1043 et
660 1003 778 1045 octavam
801 991 947 1045 Ureoiaut.
970 987 997 1040 id

512 1089 553 1130 est
572 1077 722 1144 caelestem
736 1095 831 1132 onnam
857 1093 918 1130 vero
937 1093 998 1127 mrt-

515 1183 586 1218 sum.
599 1165 680 1236 ipsam
700 1167 823 1218 videlieet
836 1175 895 1217 octo
905 1181 998 1216 vocum

516 1255 713 1306 mriversitetem
729 1291 736 1313 ,
754 1255 889 1325 Calliopen
910 1254 936 1304 id
959 1263 999 1304 est

516 1341 631 1410 optimae
640 1343 713 1395 vocis
726 1379 732 1398 .
744 1344 845 1394 dicunt·
854 1341 999 1406 Secundum

513 1427 657 1492 Remigium
683 1439 768 1480 tumen
789 1427 940 1481 harmoniae
958 1445 999 1478 ra·

512 1515 551 1566 tio
572 1515 649 1585 paulo
672 1515 747 1568 aliter
771 1517 936 1583 assignatur·
959 1517 996 1567 lix

516 1611 585 1652 terra
603 1602 692 1660 enim,
711 1621 790 1672 quant
811 1602 858 1654 elii
876 1601 997 1654 immobi-

514 1687 562 1740 lem
574 1723 581 1744 ,
594 1699 621 1740 et
638 1689 695 1740 sine
709 1708 771 1742 sono
782 1706 838 1742 esse
861 1699 998 1743 asserunt.

514 1772 622 1826 innuere
653 1775 760 1827 ridetur
783 1793 880 1828 nonum
905 1791 998 1826 sonum

514 1845 672 1928 provenire'.
698 1864 776 1915 Porro
793 1862 872 1915 huius
894 1861 1001 1914 itermo-

516 1946 577 1998 nire
591 1950 628 2000 sol
643 1951 764 2021 princeps
784 1961 841 2002 est:
855 1951 911 2020 ipse
930 1951 1000 2002 enim

517 2031 544 2084 iu
557 2035 641 2088 medio
655 2047 752 2106 septem
767 2036 953 2108 sphaerarum,
970 2045 1000 2090 ut

516 2120 648 2182 dirimas,
657 2123 817 2176 constitutus
829 2159 836 2180 .
847 2139 936 2174 etrum
950 2133 1001 2174 ste·

516 2209 602 2261 tiones
616 2243 624 2264 .
636 2225 727 2260 cursus
740 2245 747 2266 .
759 2220 785 2261 et
797 2225 918 2261 recursus
932 2244 941 2265 .
954 2209 1000 2260 sed

516 2309 544 2348 et
554 2295 714 2348 elevationes
724 2307 751 2348 et
765 2297 944 2368 depressiones
953 2312 1002 2348 sue

516 2387 543 2437 vi
561 2388 664 2438 rariore
685 2383 718 2436 ub
734 2385 869 2453 astrologis
882 2400 1002 2454 compro·

515 2473 603 2526 butur-
622 2473 686 2525 lude
701 2473 780 2526 etiem
800 2482 943 2540 musegetes
956 2507 962 2529 .
975 2471 1003 2522 id

516 2573 555 2615 est
572 2578 700 2616 musarum
715 2563 835 2633 princeps
845 2561 931 2614 dietus
947 2570 997 2613 est·

518 2653 588 2704 ilinc
611 2661 638 2703 et
656 2665 756 2718 cygnus
773 2651 820 2708 el,
843 2651 908 2720 quie
927 2647 1003 2706 eino·

517 2759 545 2791 ra
565 2735 627 2792 aris'
645 2749 685 2791 est
705 2773 713 2796 ‚
737 2737 812 2792 iuxta
831 2738 975 2807 Remigium
996 2773 1004 2796 ‚

520 2837 686 2879 consecratus
707 2837 754 2878 est
775 2827 920 2880 Secundum
938 2845 1006 2882 nnn-

518 2917 603 2970 nullos
618 2927 704 2970 tamen
720 2931 778 2967 euru
795 2917 849 2968 sint
863 2899 1005 2970 ·vtttt‡ur

520 3005 597 3068 ¹aiunt
616 3001 706 3053 circuli
724 3002 871 3058 mundani.
890 3021 1004 3056 summus

517 3107 596 3158 quern
621 3099 754 3142 auretium
774 3088 814 3160 (r)
833 3089 948 3148 dicum.
975 3101 1002 3144 et

519 3177 581 3229 item
604 3175 713 3228 ultimus
730 3175 778 3244 qui
802 3186 920 3228 terrenus
936 3189 975 3230 est
993 3214 1002 3235 .

517 3283 580 3321 sono
595 3279 672 3320 earet·
685 3268 786 3338 Septem
804 3276 866 3319 strui
888 3267 1002 3337 reliqui,

517 3353 579 3405 Vll·
591 3353 743 3406 discrimina
756 3370 848 3406 meum
864 3353 1002 3405 eonlieien·

425 3483 429 3495 ,
520 3441 999 3511 tes,quatirnrlraruroniamOrpheus,

520 3527 805 3600 otperhilrent.prirnus
815 3527 1001 3597 deprehendit:

519 3617 589 3666 unde
611 3625 638 3667 et
661 3613 792 3686 Apollinis
816 3613 1002 3686 Calliopesque

518 3703 588 3753 fitius
607 3701 703 3753 meruit
724 3702 858 3772 appellari.

554 3805 598 3840 ao.
618 3789 683 3840 Fuit
700 3799 787 3841 eutem
805 3789 947 3859 Orpheus.
969 3800 999 3843 ut

517 3876 688 3946 perutillulum
701 3877 879 3946 expetierunt,
893 3877 932 3932 vir
947 3897 1000 3932 ura.

549 4004 589 4066 (r)
607 3999 697 4054 sinim
715 4023 765 4056 reo.
776 4013 817 4056 vu
828 4003 880 4064 645.

731 650 1094 721 atYTltotttttt’ttus
1119 649 1308 720 TiiilTlUS

1055 814 1138 866 ximo<
1158 825 1210 865 tem
1233 814 1327 878 ingenii
1357 810 1540 868 claritudine,

1053 919 1131 971 quem
1147 901 1313 970 eloquentiae
1323 899 1456 952 stravitate
1466 915 1539 968 prae·
1617 931 1622 940 .

1054 985 1162 1054 fulgens·
1173 986 1296 1038 Sacerdos
1310 985 1445 1037 dietusest
1457 1022 1463 1042 ‚
1476 985 1541 1053 quie

1054 1083 1081 1127 et
1101 1073 1235 1140 theologus
1251 1073 1321 1130 tuit,
1345 1085 1372 1125 et
1391 1073 1464 1138 orgia
1480 1071 1537 1142 pri-

1054 1177 1111 1212 mus
1130 1161 1256 1224 instituit.
1275 1161 1331 1230 lpse
1349 1160 1428 1212 etiam
1447 1159 1535 1211 horni-

1055 1265 1100 1301 ues
1115 1247 1331 1301 irrationabiliter
1348 1250 1467 1300 virentes
1481 1247 1539 1298 rhe-

1059 1343 1141 1388 torim
1158 1337 1297 1388 ‹lulredine
1313 1355 1343 1388 ex
1363 1337 1423 1388 ieris
1441 1346 1469 1387 et
1490 1337 1541 1386 inr-

1054 1426 1175 1478 umoilrm·
1185 1427 1260 1478 mites
1274 1425 1390 1479 reddidit
1404 1461 1412 1482 .
1428 1434 1455 1477 et
1472 1443 1542 1477 mau-

1054 1525 1141 1566 suetos
1166 1531 1198 1566 ex
1219 1513 1291 1580 ragis
1314 1513 1441 1581 durisque
1463 1529 1541 1564 eoru-

1055 1600 1162 1671 posuit=
1186 1601 1255 1652 unde
1275 1611 1302 1652 et
1319 1597 1418 1653 bestias
1434 1599 1540 1667 quasli-

1055 1687 1119 1746 bet,
1141 1687 1257 1740 volueres
1270 1723 1276 1742 ‚
1288 1699 1314 1740 et
1329 1687 1422 1739 fluvios
1438 1724 1444 1744 ‚
1457 1703 1520 1739 saxa
1533 1721 1540 1740 .

1055 1787 1083 1830 et
1103 1777 1207 1830 arbores
1227 1777 1325 1829 dicitur
1348 1776 1477 1828 movisse·
1500 1775 1543 1826 Sie
1613 1820 1618 1831 ,

1060 1865 1349 1938 Amphion'llrebarum
1365 1865 1502 1920 eonditor,
1516 1873 1544 1914 et

1059 1951 1114 2023 ipso
1142 1953 1257 2006 oratoria
1280 1953 1405 2004 facultate
1433 1949 1545 2002 eximius

1057 2051 1136 2092 enata
1158 2039 1275 2110 lapides,
1299 2051 1326 2090 at
1342 2049 1435 2108 sponte
1449 2041 1547 2088 enitui-

1060 2139 1098 2181 tes
1120 2145 1221 2179 murum
1241 2131 1416 2190 conficerent.
1438 2127 1546 2191 fingitur

1060 2217 1172 2270 illexisse
1188 2235 1196 2280 3
1217 2218 1281 2286 quie
1293 2215 1408 2286 stupidis
1425 2213 1547 2266 anteho-

1059 2302 1178 2356 minibus
1196 2313 1223 2354 et
1244 2303 1308 2355 iuris
1330 2301 1427 2367 ignaris
1443 2299 1548 2370 disper-

1060 2393 1162 2462 simque
1173 2389 1213 2464 (o)
1235 2389 1391 2456 degentibus
1409 2399 1439 2441 ut
1453 2405 1548 2442 couve-

1061 2477 1166 2534 nitent,
1188 2475 1301 2528 civiliter
1322 2476 1508 2530 conviverent.
1522 2483 1550 2527 et

1062 2565 1096 2618 erl
1118 2561 1251 2636 publicem
1281 2561 1419 2615 tuitionem
1445 2560 1548 2614 moenie

1061 2663 1244 2728 construerent
1262 2689 1268 2710 .
1289 2651 1412 2704 melliflua
1430 2651 1549 2705 oratione

1061 2743 1228 2816 persuaserit.
1247 2741 1313 2793 Sane
1331 2739 1451 2810 Orpheus
1473 2737 1545 2809 opti-

1061 2849 1103 2883 me
1127 2847 1176 2884 vox
1198 2831 1387 2900 interpretatur
1410 2863 1417 2886 ‚
1440 2827 1473 2878 de
1492 2844 1547 2897 qno

1059 2922 1128 2975 hane
1148 2918 1261 2971 sabulum
1282 2919 1402 2985 fingunt·
1424 2915 1545 2987 Orpbeus

1063 3005 1545 3080 Eurydicennympharuetueritmern·

1059 3117 1112 3170 que
1130 3115 1194 3152 sono
1210 3096 1328 3149 citherae
1345 3093 1460 3146 muleens
1475 3111 1541 3146 uxo-

1059 3203 1112 3238 rem
1127 3183 1222 3238 duxit:
1233 3199 1311 3252 quam
1325 3183 1387 3232 dum
1404 3181 1542 3233 Aristaeus

1056 3283 1145 3346 pastor
1160 3288 1249 3324 amens
1257 3280 1407 3339 sequeretur
1418 3305 1426 3326 ,
1438 3266 1541 3336 lugiens

1057 3359 1084 3412 in
1104 3368 1248 3428 serpentem
1270 3355 1367 3408 incidit
1386 3365 1542 3423 mortuaque

1056 3457 1113 3500 est·
1126 3448 1233 3516 Propter
1246 3444 1315 3497 haue
1328 3444 1437 3494 maritus
1452 3439 1485 3492 td
1499 3440 1543 3492 iu-

1059 3532 1297 3590 ieros‘deseendit.
1317 3533 1448 3600 legemque
1467 3546 1543 3582 eece-

1059 3621 1118 3692 pit.
1138 3639 1171 3674 ne
1190 3637 1246 3674 earn
1269 3637 1407 3673 conversus
1428 3618 1542 3688 respice-

1059 3703 1114 3762 ret':
1133 3725 1212 3777 quam
1230 3723 1368 3760 conversus
1390 3704 1537 3775 aspiciens.

1057 3795 1176 3868 perdidit
1196 3793 1376 3848 iteramllaee
1389 3791 1476 3844 sabula
1496 3809 1541 3843 er·

1057 3881 1092 3936 iis
1113 3880 1227 3934 musicae
1242 3917 1248 3936 .
1267 3881 1342 3932 iuxta
1355 3878 1541 3946 fulgentium.

1083 4011 1122 4078 (a)
1141 4017 1175 4058 ite
1194 4014 1282 4064 ruder,
1300 4029 1342 4058 uon
1359 4013 1496 4072 dispersim·
