3638 5332
474 667 538 739 362

791 841 870 910 ΧΠ.
889 841 990 912 Gaius
1010 841 1146 915 Scaeva·

450 951 529 1042 Igne
547 949 656 1018 calena
674 947 756 1018 belli
778 949 954 1044 mediaque
978 953 1014 1020 in
1038 953 1139 1022 caede
1159 975 1329 1043 cruentus,

449 1059 648 1151 Pompeiana
669 1059 814 1150 phalanx
834 1061 953 1153 patulis
971 1061 1058 1132 exire
1077 1065 1182 1132 ruinis

448 1174 535 1242 Dum
557 1170 654 1260 furit,
673 1189 705 1242 et
720 1189 877 1264 properat
899 1173 1121 1242 claustrorum
1145 1173 1297 1270 frangere
1312 1195 1438 1258 turrea,

449 1281 572 1354 Scaeva
591 1307 652 1378 ego
675 1282 817 1350 caesum
838 1281 972 1352 delendi
994 1281 1137 1352 culmina
1151 1283 1240 1354 valli·

448 1391 537 1456 Dum
555 1389 650 1456 timet
668 1411 807 1457 oceanus
822 1387 977 1479 praedari
993 1387 1143 1458 Caesaris
1161 1413 1251 1456 erma
1269 1439 1280 1476 ,

371 1559 375 1570 ,
449 1499 591 1564 Textum
609 1497 801 1590 pampineae
818 1497 899 1588 guasi
917 1494 1059 1564 sublime
1077 1519 1230 1566 coronae·

816 1604 913 1672 Xlll·
928 1606 1114 1696 Pompeius.

448 1713 553 1784 Arma
572 1715 634 1784 tuli
653 1715 820 1810 quondam
834 1735 902 1787 toto
924 1719 1076 1786 victricia
1091 1717 1235 1802 mundo,

447 1829 510 1914 Qui
529 1827 645 1923 pelago
657 1827 777 1898 Cilicas
799 1847 832 1898 et
853 1831 988 1920 pontica
1006 1853 1106 1922 regna
1121 1831 1247 1923 subegi.

446 1939 504 2006 Via
519 1961 592 2006 mea
605 1963 686 2032 qnos
701 1939 857 2031 profugus
875 1959 1084 2030 promoverat
1103 1941 1177 2009 exul
1192 1940 1237 2008 ad
1256 1927 1348 2008 arma

444 2043 611 2116 Bellorum
625 2051 748 2118 virtute
775 2065 883 2115 truces
908 2049 1088 2138 prostravit
1101 2049 1254 2118 Hiberos.

445 2150 492 2220 At
506 2179 560 2225 me
582 2173 656 2246 post
679 2158 784 2226 soceri
806 2157 917 2225 civilia
935 2155 1025 2226 bella
1042 2160 1169 2227 cruenti

445 2245 585 2338 Deitera
603 2268 754 2360 Septimii
772 2268 897 2360 phariis
923 2266 1080 2334 laceravit
1096 2267 1131 2335 in
1146 2267 1257 2338 nodia·

751 2377 843 2448 xlv-
858 2377 907 2444 M·
920 2377 1054 2445 Porcina
1072 2377 1165 2449 Cato·

445 2489 556 2558 Cerne
574 2487 629 2556 hic
653 2513 711 2557 ora
734 2485 783 2580 (ι)
807 2480 891 2556 sacri
910 2511 1038 2576 semper
1062 2489 1251 2558 ueneranda
1268 2491 1425 2564 Catoniar

443 2601 613 2667 Libertate
637 2617 751 2690 potens
772 2601 948 2690 animoque
974 2600 1117 2666 invictus
1136 2619 1169 2668 et
1195 2605 1323 2692 armis,

443 2709 547 2780 Arina
568 2713 695 2778 incerto
721 2713 909 2801 peragravit
937 2711 1068 2778 tramite
1089 2711 1226 2806 Syrteat

444 2821 619 2888 Libertatis
643 2820 732 2887 enim
757 2817 936 2887 dulcedine
953 2837 1067 2912 captus
1092 2838 1246 2909 amatae,

442 2931 494 3000 Ne
513 2955 571 2998 sua
591 2929 725 2998 servitio
744 2947 974 3018 premerentur
996 2928 1082 2999 eolla
1101 2935 1241 3026 tyranni.

442 3041 554 3111 Fortia
572 3037 701 3106 crudeli
727 3039 913 3130 penetravit
935 3042 1060 3108 viscera
1083 3040 1132 3132 (n)
1158 3040 1259 3110 ferro.

503 3157 505 3161 ’
787 3149 980 3219 xv.1ulius
1007 3151 1140 3220 Caesar.

441 3257 502 3326 Ille
525 3259 582 3325 hic
609 3261 861 3349 magnanimus,
884 3261 944 3352 qui
974 3257 1073 3328 clario
1098 3257 1222 3325 arduus
1248 3260 1331 3329 aetio

443 3371 519 3436 Non
545 3372 653 3438 timuit
681 3392 840 3461 generum
861 3393 927 3436 nec
945 3371 1064 3437 inertia
1087 3371 1179 3460 signa
1199 3369 1246 3452 (3)
1270 3386 1425 3456 renatus,

441 3479 494 3544 Ne
516 3481 578 3547 sibi
601 3477 774 3548 Gallorum
796 3493 967 3569 raperetur
982 3501 1102 3568 pompa
1121 3477 1311 3567 triumphi,
1401 3551 1407 3574 Ι

439 3590 556 3658 Intulit
577 3591 721 3659 invictus
747 3589 797 3681 (4)
821 3616 884 3682 per
904 3591 1010 3659 civica
1029 3592 1156 3660 viscera
1179 3588 1319 3657 serrum·

489 3782 533 3852 (r)
555 3781 625 3834 Mala
641 3782 821 3842 Bormam,
840 3783 967 3856 quoniam
985 3783 1126 3858 inseripti·
1144 3785 1176 3838 lit
1196 3781 1317 3854 imagini.

488 3869 528 3943 (a)
547 3873 636 3926 Burn.
647 3875 740 3928 melina
746 3887 871 3946 portora.

487 3961 532 4032 (3)
550 3964 638 4016 Bnrm·
651 3966 718 4017 tela.

489 4059 531 4129 (t)
551 4058 637 4110 Bam.
651 4059 768 4114 inmitis.
