3646 5342
480 691 532 744 111

447 847 640 951 diversique
664 846 744 922 libri
771 845 970 944 auctorem3
996 846 1055 922 cui
1082 847 1133 920 rei
1152 845 1331 922 manifesta
1363 873 1471 946 repu··

446 995 551 1066 gnare
586 968 725 1042 ridetur
757 968 914 1043 veritas:
948 968 1231 1070 quandoquidem
1266 967 1358 1042 tertii
1392 995 1465 1067 my·

444 1085 627 1186 thogr‘aphi
656 1113 787 1160 nomen
814 1111 895 1160 mox
926 1113 946 1158 a
976 1113 1032 1161 me
1060 1087 1209 1188 patefiet.
1235 1085 1328 1186 Ergo
1344 1087 1464 1162 'etiam

445 1205 668 1282 Munckerus
695 1207 734 1279 in
761 1205 997 1307 praefatione,
1023 1223 1059 1281 et
1082 1203 1263 1282 Fabricius
1288 1207 1355 1282 loc.
1382 1207 1464 1296 cit,

445 1344 562 1400 errant
577 1325 676 1401 'dum
702 1325 808 1402 ToIIii
837 1327 1074 1403 adfirmatione
1104 1329 1185 1404 freti
1211 1327 1396 1402 Albricum
1422 1327 1461 1401 iu

443 1445 652 1522 editionibus
671 1447 915 1548 imperfectum
931 1476 1003 1522 esse
1019 1449 1264 1550 pronunciant.
1284 1447 1462 1522 Muncke·

443 1593 504 1638 rus
522 1565 674 1669 denique
690 1563 734 1642 de
751 1566 865 1652 Vossii
883 1569 1131 1668 mythographo
1151 1565 1389 1668 recuperando
1409 1565 1460 1640 sic

440 1683 651 1786 desperavit,
671 1705 712 1762 ut
730 1686 796 1764 loc.
816 1687 875 1763 cit.
897 1688 1087 1788 scripserit:
1113 1671 1255 1778 oixtw
1284 1674 1345 1780 ἆρ’
1375 1670 1464 1751 ‘’⁸¹3-

438 1825 494 1884 roe
521 1792 589 1878 xci
619 1795 778 1900 tiodrico
806 1793 930 1880 {scete
959 1799 1005 1884 sie
1036 1793 1223 1878 circuiet.

276 1955 287 1984 ¹
371 1952 400 1985 υ·
491 1926 555 2004 Vl.
582 1926 691 2003 Nune
722 1927 873 2032 denique
907 1928 950 2003 de
983 1927 1205 2028 mythologiei
1231 1926 1325 2002 tertii
1348 1927 1462 2027 operis

429 2053 580 2124 'auctore
615 2049 855 2125 disserendum
869 2049 871 2054 ’
885 2068 944 2126 est.
982 2048 1221 2126 Christianum
1250 2076 1286 2122 se
1317 2049 1457 2140 fuisse,

440 2168 547 2242 immo
578 2166 817 2260 catholicum,
851 2197 885 2269 p.
921 2171 1008 2270 237.
1040 2167 1185 2269 ipsemet
1214 2167 1327 2242 docet.
1357 2166 1459 2241 Idem

441 2286 623 2387 scriptores
651 2285 808 2360 Iohanne
832 2303 928 2361 scoto
959 2285 1097 2384 erigena
1121 2283 1349 2386 Remigioque
1374 2286 1461 2360 auti-

441 2404 631 2480 siodorensi
658 2405 867 2482 recentiores
891 2405 1006 2481 nullos
1034 2405 1212 2483 nominat:
1238 2433 1280 2480 ex
1304 2433 1375 2507 quo
1402 2433 1460 2506 ap·

439 2541 566 2624 paret,
592 2523 730 2598 saeculo
754 2522 823 2600 IX
848 2524 903 2600 vel
928 2523 976 2602 X
1003 2525 1039 2598 id
1069 2552 1156 2625 opus
1187 2552 1259 2600 esse
1291 2525 1458 2625 composi·

439 2660 541 2721 tum:
566 2671 656 2746 quae
683 2669 795 2746 quum
825 2661 917 2720 aetas
950 2644 1176 2718 tenebricsior
1203 2661 1307 2746 atque
1340 2644 1459 2719 infice-

439 2763 507 2837 tior
525 2764 628 2862 vulgo
653 2764 844 2855 habeatur,
869 2764 986 2838 mirari
1004 2764 1086 2840 licet
1103 2781 1235 2840 tantam
1253 2765 1291 2838 in
1310 2765 1378 2838 hoc
1398 2764 1459 2838 ho-

436 2883 531 2958 mine
556 2882 788 2958 cruditionem
807 2885 988 2986 bonaeque
1012 2883 1122 2984 frugis
1141 2884 1276 2986 copiam
1296 2882 1456 2959 extitisse.

438 3001 548 3076 Porro
568 3003 682 3102 ipsum
705 3004 853 3078 auctoris
878 3032 1007 3080 nomen
1031 3003 1231 3080 meditando
1255 3002 1373 3078 videor
1397 3004 1455 3079 de·

436 3121 668 3220 prehendisse.
696 3121 834 3224 Quippe
860 3125 939 3198 satis
964 3125 1144 3222 cognitum
1165 3123 1307 3199 eruditis
1327 3139 1379 3197 est
1397 3122 1453 3198 Io·

434 3241 558 3316 hannis
572 3238 764 3316 Brassicani
780 3243 874 3318 docti
889 3244 1039 3319 hominis
1052 3244 1288 3318 testimouium
1300 3243 1338 3317 in
1354 3242 1452 3348 echo

432 3361 486 3434 liis
506 3362 549 3436 ad
569 3360 776 3438 Petronium
790 3363 972 3440 Arbitrum
985 3393 1058 3466 cap.
1081 3363 1218 3442 CXXI.
1242 3363 1343 3466 (edit
1364 3345 1452 3438 Bur-

430 3506 523 3554 man.
555 3508 589 3580 p.
625 3485 722 3584 740)
751 3483 852 3558 cuius
881 3485 967 3559 haec
997 3485 1100 3558 verba
1131 3499 1223 3559 sunt.
1249 3495 1274 3530 “
1306 3479 1449 3557 Servius

436 3655 460 3688 ‚,
487 3598 531 3672 sd
562 3602 694 3676 aeneid.
729 3601 814 3678 XII.
847 3607 929 3680 118.
964 3605 1036 3682 ait:
1071 3603 1190 3678 Marti
1214 3627 1367 3700 gromen
1396 3615 1450 3676 est

436 3773 460 3807 „
487 3746 659 3807 sacrum,
684 3723 786 3824 quod
806 3725 1002 3799 secundum
1026 3726 1187 3800 Plinium
1214 3747 1267 3795 ex
1291 3719 1448 3796 hammo

434 3891 458 3926 ,,
484 3844 658 3936 sanguine
681 3825 914 3942 procreatur.
941 3841 1110 3916 Meminit
1133 3858 1169 3915 et
1191 3837 1322 3914 Lucius
1350 3837 1449 3940 Apu-

432 4013 457 4046 „
483 3956 571 4032 leius
598 3960 636 4032 in
661 3960 748 4035 libro
773 3961 822 4041 de
847 3962 985 4060 herbis3
1012 3980 1048 4036 et
1072 3989 1230 4037 incurius
1256 3961 1447 4061 mythogra·

433 4134 457 4168 „
483 4080 598 4180 phus,
624 4099 746 4158 auctor
769 4081 912 4158 minime
931 4083 1066 4176 malus,
1093 4082 1325 4182 superioribus
1345 4080 1445 4154 annis
