3638 5332
534 621 601 688 356
804 639 1235 690 ctssronourr

486 782 755 869 devotissime
784 781 1022 883 credentes,
1063 783 1146 864 iam
1176 780 1448 867 beatitudinis
1478 813 1552 895 spe

489 927 638 1012 magna
668 895 817 1010 repleti
845 917 956 982 sunt.
988 893 1131 1002 Quid,
1168 924 1290 1010 rogo,
1325 894 1554 1007 praestabit

491 1031 707 1123 aspectus,
735 1010 906 1126 quando
937 1009 1034 1092 talia
1064 1009 1147 1091 iam
1176 1008 1348 1122 largitus
1379 1031 1440 1093 est
1470 1037 1557 1092 cre-

489 1122 637 1208 ditus?
669 1121 976 1209 Inaestimabile
1006 1122 1165 1237 quippe
1195 1119 1354 1204 donum
1376 1140 1438 1206 est
1461 1151 1557 1204 con·

490 1237 647 1350 spicere
686 1257 940 1339 creatorem,
982 1233 1094 1317 unde
1134 1235 1280 1318 vivunt
1316 1263 1556 1346 quaecum-

492 1380 578 1466 que
606 1348 749 1431 vitalia
779 1370 903 1451 sunt,
930 1346 1043 1432 unde
1072 1349 1241 1460 sapiunt
1261 1375 1556 1465 quaecumque

490 1461 748 1562 subsistunt,
768 1461 881 1546 unde
905 1461 1246 1546 administrantur
1262 1489 1556 1578 quaecumque

491 1594 628 1658 creata
657 1598 781 1678 sunt,
797 1573 911 1659 unde
930 1597 1172 1689 reparantur
1195 1602 1487 1692 quaecumque
1511 1574 1558 1657 in

490 1686 643 1774 melius
672 1688 898 1773 instaurata
928 1709 1209 1803 consurgunt,
1240 1685 1353 1772 unde
1383 1689 1556 1772 veniunt

492 1827 784 1918 quaecumque
802 1801 1034 1888 salutariter·
1052 1823 1325 1914 appetuntur,
1345 1796 1457 1883 unde
1479 1803 1558 1884 vir·

491 1935 604 1998 tutes
626 1937 797 1998 manant
824 1946 899 2028 per
918 1944 1024 2034 quas
1047 1915 1135 2026 ipse
1158 1913 1337 1997 vincitur
1358 1914 1553 1998 mundus.

491 2026 575 2112 Sed
603 2027 703 2114 licet
730 2031 872 2114 omnia
901 2045 1132 2129 sustentet,
1160 2027 1301 2110 omnia
1340 2028 1557 2110 inenarra-

490 2138 633 2226 biliter
663 2143 759 2255 pius
791 2143 943 2227 arbiter
973 2139 1264 2243 administret,
1301 2140 1373 2224 illa
1413 2159 1555 2224 tamen

490 2254 570 2339 nisi
609 2255 852 2342 suavissima
891 2254 1000 2339 dona
1038 2274 1162 2356 sunt,
1202 2252 1372 2371 qnando
1414 2274 1555 2337 nostro

494 2369 736 2482 conspectui
765 2369 1113 2453 clementissimus
1143 2366 1382 2480 redemptor
1422 2396 1559 2479 appa-

492 2508 581 2565 rere
611 2479 864 2597 dignabitur.
894 2481 1007 2564 Haec
1045 2502 1089 2564 et
1127 2479 1191 2565 his
1230 2479 1406 2582 similia,
1446 2509 1554 2595 quae

493 2614 668 2705 possunt
690 2593 743 2679 de
772 2595 843 2678 illa
874 2596 1087 2678 maiestate
1118 2594 1311 2710 cogitari,
1347 2613 1395 2677 ut
1439 2591 1559 2676 arbi-

493 2725 607 2810 tror,
649 2703 800 2793 faciem
829 2709 911 2793 Dei
942 2729 1064 2790 vocat
1093 2706 1317 2821 apostolus.

585 2847 647 2902 ro.
678 2819 884 2923 Praesta,
927 2851 1181 2936 quaesumus
1224 2820 1447 2921 Domine,
1487 2821 1560 2904 vi-

494 2931 621 3018 sionis
658 2932 781 3020 huius
816 2934 1153 3051 gloriosissimam
1193 2935 1480 3037 sanctitatem,
1513 2957 1561 3018 ut

493 3075 565 3130 eos
611 3045 767 3178 quibus
814 3069 901 3132 tam
946 3077 1147 3162 magnum
1182 3045 1437 3131 desiderium
1467 3077 1562 3130 con·

492 3158 671 3265 citastt,
711 3191 795 3244 nou
838 3161 1007 3276 patiaris
1037 3161 1091 3246 de
1135 3161 1206 3244 illa
1234 3157 1424 3244 bonitate
1454 3160 1563 3244 frau-

491 3270 594 3356 dari.
640 3273 868 3361 Videamus
907 3297 948 3359 te
990 3276 1035 3358 in
1070 3296 1284 3360 aeternum
1324 3273 1561 3375 viventem,

495 3386 572 3500 qui
616 3419 693 3502 pro
737 3388 858 3473 nobis
905 3388 1011 3472 mori
1057 3386 1251 3503 dignatus
1295 3418 1349 3472 es.
1399 3385 1562 3468 Videa-

491 3527 588 3584 mus
618 3500 792 3616 gloriam
823 3501 1051 3586 maiestatis
1084 3521 1207 3602 tuae,
1241 3502 1314 3615 qui
1357 3501 1401 3581 in
1440 3529 1561 3584 carne

493 3635 633 3697 nostra
655 3613 825 3700 voluisti
846 3613 1017 3698 humilis
1039 3643 1248 3744 apparere.
1272 3611 1311 3697 N
1316 3641 1383 3696 am
1399 3632 1448 3694 ut
1468 3641 1563 3698 ser-

492 3754 566 3810 vos
598 3747 691 3812 tuos
720 3725 901 3844 benigue
941 3727 1162 3840 respicias,
1201 3725 1327 3810 habet
1366 3743 1410 3808 et
1450 3724 1563 3808 istud

496 3839 735 3942 saeculum,
767 3859 816 3923 ut
845 3842 922 4038 {psi
952 3870 1049 3922 vero
1079 3860 1197 3923 tuam
1226 3837 1375 3922 satiem
1398 3833 1562 3950 plenis-

495 3952 599 4036 sime
630 3973 756 4068 atque
779 3955 843 4039 evi
877 3975 993 4038 enter
1024 3953 1273 4066 inspiciant,
1294 3952 1371 4037 iste
1395 3978 1478 4036 nou
1500 3979 1560 4034 re·
