3630 5338
526 590 593 666 ιφ
826 561 1039 639 etcum
1062 561 1229 636 novas.

629 737 718 818 111.
741 751 920 810 Aesacos
944 753 995 822 cr
1015 751 1163 805 rrcron
1187 748 1405 804 cruntcus·

667 861 808 933 Quomodo
828 865 1028 935 comprimatur
1041 861 1199 936 aliquando
1218 863 1368 916 iactantia.

570 977 677 1048 Forte
697 981 855 1056 rictorem
871 977 1030 1067 gymnici
1048 977 1247 1045 certaminis

528 1086 775 1159 Iactantiorem
794 1109 870 1157 cum
891 1083 1027 1154 vidisset
1050 1080 1208 1175 Aeropus
1231 1088 1298 1168 (a),

527 1199 760 1288 Interrogavit
775 1191 987 1288 ‚ampliusne
1007 1192 1224 1264 adversarius

531 1305 573 1378 V
564 1304 704 1374 aluisset
714 1297 823 1373 suus?
845 1299 939 1374 Ittot
963 1325 1008 1368 ne
1026 1301 1118 1372 istud
1135 1301 1289 1385 diceris,

528 1413 853 1502 Multofuemires
873 1415 1021 1482 maiores
1047 1434 1154 1481 meae.

534 1517 653 1613 Quod,
675 1522 804 1612 inquit,
822 1543 933 1611 ergo,
955 1519 1076 1605 stulte,
1096 1522 1249 1590 meruisti
1272 1519 1397 1606 decus,

529 1631 647 1698 Minus
667 1630 835 1698 valentem
862 1633 893 1697 si
913 1632 1024 1700 uicisti
1034 1625 1198 1718 fortior?

531 1735 708 1809 Ferendus
725 1761 814 1806 esses
829 1786 840 1824 ,
847 1739 947 1826 jbrte
963 1741 995 1807 si
1020 1753 1054 1805 te
1070 1737 1201 1806 diceros

533 1848 737 1945 Superesse,
756 1850 815 1942 qui
834 1864 921 1916 esset
944 1844 996 1938 (b)
1020 1847 1141 1916 melior
1153 1846 1288 1916 viribus.

752 2043 863 2114 ΧΙΙΙ.
888 2062 1041 2116 Asrncs
1064 2062 1119 2113 Ao
1141 2059 1290 2113 ernau.

645 2189 783 2260 Quomodo
798 2193 915 2266 ingenio
933 2207 1012 2264 saepe
1025 2189 1187 2244 “lumitate
1202 2189 1390 2244 intercidunt.

576 2324 710 2397 Asinus
735 2334 900 2396 iacentem
921 2327 1007 2398 uidit
1024 2329 1061 2393 in
1078 2341 1182 2417 prato
1211 2319 1335 2417 lyram.

535 2433 709 2524 Accessit,
729 2455 763 2506 et
786 2431 835 2527 (c)
857 2440 999 2505 tentarit
1012 2434 1158 2503 chordas
1174 2434 1318 2526 ungulat

537 2545 687 2616 Sonuere
713 2562 834 2614 tactae.
850 2545 948 2614 Bella
965 2570 1020 2613 ros
1050 2543 1253 2613 mehercules

535 2652 633 2721 Male
646 2655 761 2737 cessit,
785 2655 860 2738 ait,
883 2655 972 2720 artis
986 2654 1067 2744 quia
1084 2675 1157 2720 sum
1176 2653 1316 2718 nescius·

535 2759 578 2830 Si
603 2764 780 2854 reperisset
800 2759 927 2854 aliquis
943 2759 1035 2830 lano
1049 2760 1271 2851 prudentior,

534 2867 671 2936 Divinis
688 2891 788 2936 aures
804 2868 1002 2936 oblectasset
1028 2867 1193 2935 cantibus.

537 2975 597 3048 Sic
611 3001 710 3070 saepe
730 2980 872 3070 ingenia
892 2976 1090 3046 calamitate
1114 2975 1331 3044 intercidunt·

692 3176 794 3250 XIV.
819 3194 973 3249 uruca
995 3195 1126 3248 rtaua
1148 3195 1199 3246 rr
1224 3193 1362 3246 uocas.

745 3345 859 3411 Quanta
878 3345 917 3398 eit
941 3347 1133 3399 inconstantia
1160 3345 1318 3398 mulierum·

579 3475 651 3544 Per
677 3475 811 3568 aliquot
832 3500 944 3545 annos
965 3477 1136 3568 quaedam
1158 3473 1318 3544 dilectum
1340 3479 1448 3554 uirum

535 3580 687 3669 Amisit,
712 3602 747 3652 et
756 3585 965 3678 sarcophago
990 3609 1110 3676 corpus
1128 3583 1309 3664 condiditt

552 3759 591 3821 (ι)
606 3760 659 3807 lan·
674 3761 826 3822 philosophus
841 3768 867 3807 tu
881 3762 1006 3815 secunda,
1022 3777 1070 3826 qua
1086 3767 1179 3811 utimr
1195 3761 1311 3812 editione.

552 3838 593 3901 (1.)
609 3839 661 3884 lun.
681 3847 781 3902 corrigit
796 3842 891 3890 luisset·

552 3913 590 3983 (s)
605 3922 635 3966 Et
650 3921 719 3967 deest
739 3928 765 3968 ta
784 3932 886 3984 utroque
904 3919 998 3972 codice.
