3626 5344
535 675 598 744 ¹26

521 843 595 914 prins
613 859 641 896 re
659 851 764 914 propter
779 839 876 894 iormre
889 839 989 893 inctru-

523 931 588 984 tienr
597 928 748 1002 praeferret,
755 929 840 982 crines
849 927 907 980 eius
917 944 933 977 s
941 927 990 980 Mi·

520 1037 602 1073 nerrc
613 1017 641 1070 in
650 1028 782 1087 serpentes
795 1027 858 1070 sunt
875 1017 987 1081 muteti3

521 1117 628 1176 utane
644 1105 729 1175 potita
744 1103 892 1174 inprimisn
903 1101 990 1174 pluri·

522 1191 573 1244 bus
585 1191 671 1262 procis
683 1201 767 1246 esset.
782 1200 870 1260 poster
886 1191 989 1242 eosdem

523 1282 613 1334 vultus
659 1279 826 1333 deturnunu
872 1289 990 1331 terreres

521 1371 606 1440 Quom
616 1369 731 1424 Perseus,
742 1365 812 1418 fliius
823 1365 930 1418 inviset
940 1365 992 1416 Dc·

522 1455 769 1524 nees,rPoiydecte
792 1471 852 1521 rege
878 1453 991 1511 missus.

523 1558 630 1620 eccepto
650 1566 667 1599 a
687 1547 866 1605 Minerve,ne
884 1563 900 1596 e
920 1545 990 1600 Gor*

523 1655 590 1707 gone
601 1649 689 1709 possct
711 1636 811 1692 videri.
831 1637 917 1690 vitreo
931 1637 987 1705 ety-

522 1745 593 1799 peo.
621 1725 819 1798 interceptoque
844 1725 872 1777 ie
899 1723 991 1794 prioris

521 1815 687 1886 Phorcydnur
707 1813 820 1872 lumino.
839 1812 990 1884 quaciari-

521 1923 577 1959 cern
587 1906 715 1960 custodiis
728 1905 890 1960 utebantur.
905 1903 989 1956 intor-

522 1993 598 2058 secut
611 2005 744 2048 exsectum
755 1995 812 2047 eins
830 2004 912 2062 capnt
932 1993 988 2044 Pul·

519 2080 574 2134 indi
589 2085 617 2134 iu
630 2093 733 2154 pectore
741 2081 895 2150 gestandum
909 2079 991 2135 obtu-

521 2169 570 2222 lit:
585 2169 618 2223 de
629 2171 706 2222 cuius
716 2167 846 2236 sanguiue
855 2183 935 2235 genus
950 2177 991 2220 esc

520 2267 671 2330 serpentum
705 2267 879 2328 procreatum.
910 2257 990 2308 Utere

521 2355 611 2397 antero
630 2345 686 2396 eins
703 2361 786 2413 equus
801 2345 913 2410 Pegasus
931 2359 990 2394 cunr

522 2435 617 2505 pennis
647 2435 719 2490 erit.
745 2431 792 2502 qui
820 2447 928 2485 currens
955 2431 990 2484 od

521 2534 635 2577 montem
645 2523 759 2576 Aonium
773 2523 911 2578 Boeotiae.
923 2521 989 2592 pede

522 2609 653 2681 percussit
669 2607 918 2666 terrem,etionteor
935 2627 990 2662 css·

522 2698 615 2753 teliuru
633 2698 776 2770 produxit.
804 2699 893 2768 quiet
909 2715 989 2768 pcgo-

521 2805 580 2840 sens
593 2787 633 2840 vel
652 2786 744 2838 eonius
764 2796 804 2839 est
828 2785 988 2855 appellitur,

521 2873 640 2946 Apollini
660 2885 689 2927 et
707 2874 789 2926 musis
807 2883 991 2931 consecratus.

522 2961 556 3015 de
582 2980 635 3032 qno
660 2959 810 3033 philosophi
842 2971 869 3013 et
897 2965 990 3030 poetae

521 3053 656 3118 finguntur
676 3047 784 3102 bibere:
814 3067 873 3101 num
897 3053 991 3119 po'etce

522 3139 600 3210 quasi
608 3155 739 3190 musarum
749 3139 900 3192 sacerdotes
917 3149 989 3191 sunt.

521 3230 627 3283 Dicitur
647 3239 734 3282 antem
759 3228 858 3283 idcirco
877 3227 987 3282 Meduse

521 3319 688 3392 serpentibus
707 3321 804 3374 crinita
823 3337 896 3378 esse.
924 3321 989 3391 qnia

520 3409 653 3464 sororibus
676 3410 788 3463 astutior
812 3422 877 3463 erut·
904 3411 989 3464 Cuius

521 3511 602 3571 ceput
625 3501 731 3552 Perseus
757 3498 899 3554 abstulisse
923 3499 989 3552 dici-

520 3598 579 3644 tur,
603 3587 669 3658 qnia
694 3589 777 3658 ipsum
797 3586 945 3646 interiecit.
965 3597 993 3640 ct

518 3677 695 3730 substantium
715 3677 836 3730 obstulit.
858 3677 923 3730 utne
942 3696 990 3730 vo·

521 3765 601 3819 inodo
611 3766 715 3819 venisse
729 3764 830 3818 dicitnr
842 3801 849 3821 .
863 3763 928 3834 qnia
942 3781 993 3818 uo·

520 3855 603 3910 vibus
624 3853 708 3908 venit.

544 4047 582 4110 (r)
599 4051 675 4110 stych.
691 4053 711 4097 t.
731 4049 780 4098 130.

818 669 1189 742 MYTHOGRAPHUS

1093 833 1150 893 113·
1175 835 1364 908 [nterpretrtis
1387 835 1506 891 eiusdem

1229 923 1344 980 inbuite·

1083 1046 1221 1164 Veritus
1247 1111 1337 1154 entem
1360 1119 1392 1154 ex
1413 1101 1518 1169 integro
1554 1140 1558 1152 .

1048 1189 1087 1242 sic
1105 1205 1132 1243 se
1149 1188 1239 1242 hebet·
1251 1191 1338 1256 Gorgo
1349 1201 1446 1244 terror:
1458 1191 1516 1262 pri·

1048 1296 1104 1332 mus
1115 1279 1215 1350 quippe
1226 1289 1309 1332 terror
1319 1289 1373 1335 est.
1383 1277 1430 1349 qni
1441 1295 1518 1332 men-

1049 1378 1100 1421 tem
1109 1367 1246 1420 debilitet:
1257 1367 1390 1422 secundus
1399 1367 1446 1439 qni
1457 1387 1518 1439 pro-

1048 1453 1131 1510 inodo
1144 1456 1259 1526 quodem
1279 1467 1376 1510 terrore
1404 1467 1519 1510 mentem

1048 1543 1166 1614 spargit:
1192 1545 1287 1597 tertius
1306 1545 1354 1616 qni
1367 1563 1420 1598 nou
1431 1544 1516 1598 solum

1046 1629 1142 1682 ruentis
1161 1647 1252 1682 rerum
1278 1631 1360 1684 etiem
1372 1631 1512 1700 caliginem

1049 1719 1145 1787 ingerit
1164 1719 1246 1772 visus.
1270 1719 1346 1774 Unde
1364 1731 1392 1774 et
1410 1720 1516 1776 nomios

1049 1809 1202 1880 accipiunt.
1230 1809 1348 1879 Stireuyo
1373 1809 1521 1870 debilitas.

1049 1898 1163 1968 Euryalo
1184 1899 1238 1950 loto
1258 1898 1443 1968 profunditas,
1463 1901 1521 1954 Me·

1048 1987 1115 2040 dnsn
1125 1987 1237 2052 oblivio(
1244 1987 1351 2059 r).lisec
1361 1989 1451 2042 omnic
1465 2001 1520 2043 ter-

1048 2093 1132 2128 rorem
1163 2075 1269 2130 iuciuot
1299 2079 1326 2130 iu
1355 2075 1520 2131 homiuibnsc

1047 2179 1116 2230 qnee
1126 2163 1214 2216 omnic
1228 2163 1334 2216 Perseus
1342 2164 1449 2218 occidit·
1462 2165 1520 2218 Per·

1049 2267 1109 2304 sous
1128 2251 1199 2305 enirn
1210 2267 1301 2319 graece
1313 2253 1398 2306 virtus
1411 2253 1520 2307 dicitnr.

1049 2340 1198 2406 Gorgonem
1205 2359 1263 2394 cnm
1272 2341 1373 2393 anxilio
1384 2343 1521 2397 Minervae

1050 2425 1196 2490 interiecit.
1215 2428 1280 2498 quir
1301 2427 1388 2482 virtus
1406 2429 1520 2482 auxilie·

1049 2513 1115 2566 trice
1138 2515 1273 2585 sapientie
1297 2533 1386 2569 ornnes
1405 2527 1518 2572 terrores

1047 2604 1142 2658 vincit.
1162 2605 1249 2658 Huius
1263 2617 1351 2663 cutem
1364 2617 1446 2678 ceput
1465 2609 1519 2660 fin-

1049 2691 1122 2758 gitur
1136 2693 1163 2744 in
1176 2705 1281 2763 pectore
1298 2695 1416 2748 Minerva
1435 2693 1521 2748 habe·

1047 2799 1090 2840 re.
1108 2782 1181 2852 quod
1208 2783 1264 2836 iilic
1282 2795 1322 2838 est
1348 2783 1433 2837 omnis
1452 2803 1519 2855 pru-

1047 2869 1139 2922 dentis
1157 2890 1227 2941 quoe
1240 2871 1382 2927 contundit
1397 2873 1478 2932 elios.
1492 2884 1521 2928 et

1047 2973 1140 3010 saxeos
1158 2968 1185 3010 et
1205 2958 1343 3031 imperitos
1362 2959 1469 3031 probet·
1482 2961 1521 3014 De

1050 3045 1125 3100 cuius
1143 3049 1243 3101 semine
1262 3061 1342 3102 ortus
1360 3063 1420 3111 est,
1435 3053 1520 3120 Pegcss

1047 3149 1099 3186 sus·
1120 3135 1232 3202 Pegasus
1243 3137 1312 3189 eninr
1323 3137 1391 3190 ieme
1403 3138 1520 3204 dicitur}

1047 3221 1112 3292 quie
1141 3223 1229 3276 omnic
1256 3225 1342 3277 virtus
1368 3241 1517 3296 superous.

1053 3311 1147 3364 irmrm
1166 3311 1218 3364 sibi
1237 3313 1337 3383 querit.
1356 3313 1518 3383 Depegcseo

1048 3403 1121 3456 sonte
1133 3413 1226 3472 potant
1237 3409 1338 3472 potitae,
1350 3402 1415 3471 quio
1424 3401 1451 3454 io
1463 3403 1519 3454 ian·

1049 3493 1108 3546 deur
1119 3491 1242 3547 virtutis.
1263 3491 1382 3544 videntes
1400 3509 1458 3544 eam
1477 3491 1522 3544 vi-

1051 3581 1172 3636 ctricem,
1194 3579 1347 3650 prosiliunt

1183 3770 1239 3836 rri-
1266 3771 1307 3824 ue*
1322 3769 1441 3825 Atlante.

1087 3897 1192 4013 Atius
1204 3949 1290 4024 lapcti
1300 3963 1327 4007 ct
1338 3952 1521 4022 Clymenrcii-
