<?xml version="1.0" encoding="UTF-8"?>
<!DOCTYPE html PUBLIC "-//W3C//DTD XHTML 1.0 Transitional//EN"
    "http://www.w3.org/TR/xhtml1/DTD/xhtml1-transitional.dtd">
<html xmlns="http://www.w3.org/1999/xhtml" xml:lang="en" lang="en">
 <head>
  <title>
</title>
<meta http-equiv="Content-Type" content="text/html;charset=utf-8" />
  <meta name='ocr-system' content='tesseract 3.04.00' />
  <meta name='ocr-capabilities' content='ocr_page ocr_carea ocr_par ocr_line ocrx_word'/>
</head>
<body>
  <div class='ocr_page' id='page_1' title='image "./classicorumauct01vatigoog_0111.png"; bbox 0 0 3666 5338; ppageno 0'>
   <div class='ocr_carea' id='block_1_1' title="bbox 545 669 1246 764">
    <p class='ocr_par' dir='ltr' id='par_1_1' title="bbox 545 669 1246 764">
     <span class='ocr_line' id='line_1_1' title="bbox 545 669 1246 764; baseline -0.003 -22"><span class='ocrx_word' id='word_1_1' title='bbox 545 697 587 764; x_wconf 81' lang='lat'>70</span> <span class='ocrx_word' id='word_1_2' title='bbox 824 669 1196 744; x_wconf 73' lang='lat' dir='ltr'>MYTHOGRAPHUS</span> <span class='ocrx_word' id='word_1_3' title='bbox 1221 673 1246 740; x_wconf 87' lang='lat'>1.</span> 
     </span>
    </p>
   </div>
   <div class='ocr_carea' id='block_1_2' title="bbox 498 833 1537 3826">
    <p class='ocr_par' dir='ltr' id='par_1_2' title="bbox 498 833 1537 3209">
     <span class='ocr_line' id='line_1_2' title="bbox 534 833 1537 908; baseline -0.001 -17"><span class='ocrx_word' id='word_1_4' title='bbox 534 856 593 892; x_wconf 86' lang='lat' dir='ltr'>rum</span> <span class='ocrx_word' id='word_1_5' title='bbox 604 837 757 892; x_wconf 88' lang='lat' dir='ltr'>admonitus</span> <span class='ocrx_word' id='word_1_6' title='bbox 771 836 797 890; x_wconf 90' lang='lat' dir='ltr'>in</span> <span class='ocrx_word' id='word_1_7' title='bbox 809 835 915 891; x_wconf 83' lang='lat' dir='ltr'>ltaliam</span> <span class='ocrx_word' id='word_1_8' title='bbox 923 851 1010 907; x_wconf 83' lang='lat' dir='ltr'>perre-</span> <span class='ocrx_word' id='word_1_9' title='bbox 1060 853 1191 908; x_wconf 84' lang='lat' dir='ltr'>nusquam</span> <span class='ocrx_word' id='word_1_10' title='bbox 1199 833 1389 908; x_wconf 69' lang='lat' dir='ltr'>comparuisset</span> <span class='ocrx_word' id='word_1_11' title='bbox 1403 870 1411 892; x_wconf 84' lang='lat'>‚</span> <span class='ocrx_word' id='word_1_12' title='bbox 1431 833 1459 887; x_wconf 87' lang='lat' dir='ltr'>in</span> <span class='ocrx_word' id='word_1_13' title='bbox 1478 850 1537 890; x_wconf 84' lang='lat' dir='ltr'>cac·</span> 
     </span>
     <span class='ocr_line' id='line_1_3' title="bbox 519 922 1433 997; baseline 0.002 -23"><span class='ocrx_word' id='word_1_14' title='bbox 519 927 589 980; x_wconf 62' lang='lat' dir='ltr'>ait.</span> <span class='ocrx_word' id='word_1_15' title='bbox 609 924 791 997; x_wconf 80' lang='lat' dir='ltr'>Strophaiidas</span> <span class='ocrx_word' id='word_1_16' title='bbox 810 922 891 995; x_wconf 86' lang='lat' dir='ltr'>(r)et</span> <span class='ocrx_word' id='word_1_17' title='bbox 910 923 1008 976; x_wconf 84' lang='lat' dir='ltr'>multas</span> <span class='ocrx_word' id='word_1_18' title='bbox 1062 925 1116 980; x_wconf 87' lang='lat' dir='ltr'>lum</span> <span class='ocrx_word' id='word_1_19' title='bbox 1148 925 1293 986; x_wconf 78' lang='lat' dir='ltr'>translatus</span> <span class='ocrx_word' id='word_1_20' title='bbox 1321 924 1433 977; x_wconf 87' lang='lat' dir='ltr'>dicitur.</span> 
     </span>
     <span class='ocr_line' id='line_1_4' title="bbox 535 1011 1532 1087; baseline -0.002 -20"><span class='ocrx_word' id='word_1_21' title='bbox 535 1023 670 1087; x_wconf 83' lang='lat' dir='ltr'>praetcrea</span> <span class='ocrx_word' id='word_1_22' title='bbox 681 1012 808 1066; x_wconf 72' lang='lat' dir='ltr'>Graeciae</span> <span class='ocrx_word' id='word_1_23' title='bbox 820 1013 917 1066; x_wconf 86' lang='lat' dir='ltr'>insulas</span> <span class='ocrx_word' id='word_1_24' title='bbox 927 1027 1008 1082; x_wconf 82' lang='lat' dir='ltr'>prae·</span> <span class='ocrx_word' id='word_1_25' title='bbox 1112 1016 1178 1068; x_wconf 81' lang='lat' dir='ltr'>Item</span> <span class='ocrx_word' id='word_1_26' title='bbox 1190 1014 1321 1070; x_wconf 85' lang='lat' dir='ltr'>aliter.·-</span> <span class='ocrx_word' id='word_1_27' title='bbox 1332 1013 1403 1068; x_wconf 82' lang='lat' dir='ltr'>Idem</span> <span class='ocrx_word' id='word_1_28' title='bbox 1415 1011 1532 1072; x_wconf 77' lang='lat' dir='ltr'>Aeneas.</span> 
     </span>
     <span class='ocr_line' id='line_1_5' title="bbox 537 1097 1534 1174; baseline 0 -19"><span class='ocrx_word' id='word_1_29' title='bbox 537 1105 656 1160; x_wconf 73' lang='lat' dir='ltr'>terinos.</span> <span class='ocrx_word' id='word_1_30' title='bbox 674 1103 709 1155; x_wconf 88' lang='lat' dir='ltr'>ad</span> <span class='ocrx_word' id='word_1_31' title='bbox 728 1101 855 1156; x_wconf 82' lang='lat' dir='ltr'>Helenum</span> <span class='ocrx_word' id='word_1_32' title='bbox 871 1100 899 1154; x_wconf 89' lang='lat' dir='ltr'>in</span> <span class='ocrx_word' id='word_1_33' title='bbox 915 1097 1006 1152; x_wconf 78' lang='lat' dir='ltr'>Acba-</span> <span class='ocrx_word' id='word_1_34' title='bbox 1060 1113 1091 1158; x_wconf 89' lang='lat' dir='ltr'>nt</span> <span class='ocrx_word' id='word_1_35' title='bbox 1113 1102 1276 1162; x_wconf 72' lang='lat' dir='ltr'>citudinis,</span> <span class='ocrx_word' id='word_1_36' title='bbox 1291 1115 1435 1174; x_wconf 84' lang='lat' dir='ltr'>postquam</span> <span class='ocrx_word' id='word_1_37' title='bbox 1453 1103 1534 1155; x_wconf 82' lang='lat' dir='ltr'>Lavi-</span> 
     </span>
     <span class='ocr_line' id='line_1_6' title="bbox 534 1187 1534 1263; baseline 0 -19"><span class='ocrx_word' id='word_1_38' title='bbox 534 1209 588 1244; x_wconf 84' lang='lat' dir='ltr'>ram</span> <span class='ocrx_word' id='word_1_39' title='bbox 608 1191 696 1246; x_wconf 82' lang='lat' dir='ltr'>venit:</span> <span class='ocrx_word' id='word_1_40' title='bbox 717 1191 793 1242; x_wconf 90' lang='lat' dir='ltr'>cuius</span> <span class='ocrx_word' id='word_1_41' title='bbox 812 1187 1006 1242; x_wconf 74' lang='lat' dir='ltr'>vaticinatione</span> <span class='ocrx_word' id='word_1_42' title='bbox 1058 1193 1130 1246; x_wconf 85' lang='lat' dir='ltr'>niam</span> <span class='ocrx_word' id='word_1_43' title='bbox 1140 1193 1229 1246; x_wconf 84' lang='lat' dir='ltr'>Latini</span> <span class='ocrx_word' id='word_1_44' title='bbox 1243 1191 1313 1262; x_wconf 73' lang='lat' dir='ltr'>regis</span> <span class='ocrx_word' id='word_1_45' title='bbox 1327 1191 1408 1246; x_wconf 81' lang='lat' dir='ltr'>tiliam</span> <span class='ocrx_word' id='word_1_46' title='bbox 1428 1192 1534 1263; x_wconf 85' lang='lat' dir='ltr'>accepit</span> 
     </span>
     <span class='ocr_line' id='line_1_7' title="bbox 532 1276 1534 1346; baseline -0.003 -12"><span class='ocrx_word' id='word_1_47' title='bbox 532 1281 665 1342; x_wconf 78' lang='lat' dir='ltr'>monitus.</span> <span class='ocrx_word' id='word_1_48' title='bbox 684 1279 718 1332; x_wconf 85' lang='lat' dir='ltr'>ad</span> <span class='ocrx_word' id='word_1_49' title='bbox 729 1278 793 1332; x_wconf 86' lang='lat' dir='ltr'>litus</span> <span class='ocrx_word' id='word_1_50' title='bbox 804 1277 915 1334; x_wconf 82' lang='lat' dir='ltr'>italiae,</span> <span class='ocrx_word' id='word_1_51' title='bbox 930 1276 1004 1346; x_wconf 89' lang='lat' dir='ltr'>quod</span> <span class='ocrx_word' id='word_1_52' title='bbox 1059 1280 1285 1336; x_wconf 80' lang='lat' dir='ltr'>uxorem.vivente</span> <span class='ocrx_word' id='word_1_53' title='bbox 1295 1280 1391 1336; x_wconf 83' lang='lat' dir='ltr'>marito</span> <span class='ocrx_word' id='word_1_54' title='bbox 1399 1281 1500 1338; x_wconf 85' lang='lat' dir='ltr'>Turno.</span> <span class='ocrx_word' id='word_1_55' title='bbox 1508 1280 1534 1331; x_wconf 92' lang='lat' dir='ltr'>i·</span> 
     </span>
     <span class='ocr_line' id='line_1_8' title="bbox 533 1363 1532 1434; baseline -0.005 -12"><span class='ocrx_word' id='word_1_56' title='bbox 533 1386 587 1422; x_wconf 85' lang='lat' dir='ltr'>neu</span> <span class='ocrx_word' id='word_1_57' title='bbox 613 1368 689 1434; x_wconf 76' lang='lat' dir='ltr'>louge</span> <span class='ocrx_word' id='word_1_58' title='bbox 718 1363 845 1422; x_wconf 83' lang='lat' dir='ltr'>videbat,</span> <span class='ocrx_word' id='word_1_59' title='bbox 876 1363 1002 1418; x_wconf 78' lang='lat' dir='ltr'>devenit:</span> <span class='ocrx_word' id='word_1_60' title='bbox 1056 1367 1114 1420; x_wconf 88' lang='lat' dir='ltr'>dem</span> <span class='ocrx_word' id='word_1_61' title='bbox 1125 1367 1233 1420; x_wconf 86' lang='lat' dir='ltr'>Turnus</span> <span class='ocrx_word' id='word_1_62' title='bbox 1248 1367 1333 1422; x_wconf 86' lang='lat' dir='ltr'>iratur</span> <span class='ocrx_word' id='word_1_63' title='bbox 1347 1365 1532 1420; x_wconf 85' lang='lat' dir='ltr'>taminbsti-</span> 
     </span>
     <span class='ocr_line' id='line_1_9' title="bbox 531 1451 1531 1526; baseline -0.002 -18"><span class='ocrx_word' id='word_1_64' title='bbox 531 1467 559 1508; x_wconf 83' lang='lat' dir='ltr'>et</span> <span class='ocrx_word' id='word_1_65' title='bbox 571 1471 617 1526; x_wconf 82' lang='lat' dir='ltr'>prr</span> <span class='ocrx_word' id='word_1_66' title='bbox 627 1469 672 1507; x_wconf 84' lang='lat' dir='ltr'>css</span> <span class='ocrx_word' id='word_1_67' title='bbox 684 1452 778 1504; x_wconf 84' lang='lat' dir='ltr'>Italiac</span> <span class='ocrx_word' id='word_1_68' title='bbox 786 1469 845 1505; x_wconf 84' lang='lat' dir='ltr'>oras</span> <span class='ocrx_word' id='word_1_69' title='bbox 858 1451 1001 1518; x_wconf 77' lang='lat' dir='ltr'>navigans.</span> <span class='ocrx_word' id='word_1_70' title='bbox 1054 1472 1116 1506; x_wconf 87' lang='lat' dir='ltr'>num</span> <span class='ocrx_word' id='word_1_71' title='bbox 1125 1453 1360 1524; x_wconf 72' lang='lat' dir='ltr'>quamindcneam</span> <span class='ocrx_word' id='word_1_72' title='bbox 1367 1452 1437 1507; x_wconf 86' lang='lat' dir='ltr'>beda</span> <span class='ocrx_word' id='word_1_73' title='bbox 1445 1469 1531 1507; x_wconf 85' lang='lat' dir='ltr'>susec-</span> 
     </span>
     <span class='ocr_line' id='line_1_10' title="bbox 532 1537 1527 1614; baseline -0.004 -18"><span class='ocrx_word' id='word_1_74' title='bbox 532 1557 600 1610; x_wconf 86' lang='lat' dir='ltr'>quas</span> <span class='ocrx_word' id='word_1_75' title='bbox 626 1537 723 1592; x_wconf 66' lang='lat' dir='ltr'>Graeci</span> <span class='ocrx_word' id='word_1_76' title='bbox 750 1539 820 1591; x_wconf 81' lang='lat' dir='ltr'>inter</span> <span class='ocrx_word' id='word_1_77' title='bbox 847 1537 954 1592; x_wconf 82' lang='lat' dir='ltr'>ltaliam</span> <span class='ocrx_word' id='word_1_78' title='bbox 973 1549 1001 1592; x_wconf 90' lang='lat' dir='ltr'>et</span> <span class='ocrx_word' id='word_1_79' title='bbox 1054 1539 1527 1614; x_wconf 76' lang='lat' dir='ltr'>pit.ai{aaentioinpetratisauai·</span> 
     </span>
     <span class='ocr_line' id='line_1_11' title="bbox 530 1628 1528 1705; baseline 0.004 -25"><span class='ocrx_word' id='word_1_80' title='bbox 530 1628 650 1680; x_wconf 84' lang='lat' dir='ltr'>Siciliam</span> <span class='ocrx_word' id='word_1_81' title='bbox 674 1637 788 1686; x_wconf 79' lang='lat' dir='ltr'>vocant.</span> <span class='ocrx_word' id='word_1_82' title='bbox 817 1643 877 1678; x_wconf 86' lang='lat' dir='ltr'>eum</span> <span class='ocrx_word' id='word_1_83' title='bbox 905 1643 1000 1696; x_wconf 69' lang='lat' dir='ltr'>magno</span> <span class='ocrx_word' id='word_1_84' title='bbox 1054 1631 1528 1705; x_wconf 82' lang='lat' dir='ltr'>liis.inquorumprimobelioperiit</span> 
     </span>
     <span class='ocr_line' id='line_1_12' title="bbox 533 1715 1525 1789; baseline -0.001 -20"><span class='ocrx_word' id='word_1_85' title='bbox 533 1715 624 1770; x_wconf 84' lang='lat' dir='ltr'>labore</span> <span class='ocrx_word' id='word_1_86' title='bbox 647 1718 682 1769; x_wconf 92' lang='lat' dir='ltr'>ad</span> <span class='ocrx_word' id='word_1_87' title='bbox 714 1715 844 1788; x_wconf 66' lang='lat' dir='ltr'>cyclopas</span> <span class='ocrx_word' id='word_1_88' title='bbox 865 1717 948 1768; x_wconf 63' lang='lat' dir='ltr'>venit</span> <span class='ocrx_word' id='word_1_89' title='bbox 967 1716 1002 1768; x_wconf 80' lang='lat' dir='ltr'>Et</span> <span class='ocrx_word' id='word_1_90' title='bbox 1052 1721 1182 1786; x_wconf 80' lang='lat' dir='ltr'>Latinns3</span> <span class='ocrx_word' id='word_1_91' title='bbox 1215 1721 1244 1772; x_wconf 91' lang='lat' dir='ltr'>in</span> <span class='ocrx_word' id='word_1_92' title='bbox 1276 1717 1393 1774; x_wconf 72' lang='lat' dir='ltr'>emunda</span> <span class='ocrx_word' id='word_1_93' title='bbox 1424 1717 1525 1789; x_wconf 83' lang='lat' dir='ltr'>pariter</span> 
     </span>
     <span class='ocr_line' id='line_1_13' title="bbox 529 1803 1524 1882; baseline -0.004 -23"><span class='ocrx_word' id='word_1_94' title='bbox 529 1825 589 1861; x_wconf 88' lang='lat' dir='ltr'>rum</span> <span class='ocrx_word' id='word_1_95' title='bbox 608 1808 724 1882; x_wconf 77' lang='lat' dir='ltr'>Drepani</span> <span class='ocrx_word' id='word_1_96' title='bbox 744 1817 848 1880; x_wconf 82' lang='lat' dir='ltr'>portum</span> <span class='ocrx_word' id='word_1_97' title='bbox 862 1805 1000 1878; x_wconf 72' lang='lat' dir='ltr'>peramis-</span> <span class='ocrx_word' id='word_1_98' title='bbox 1052 1807 1161 1862; x_wconf 83' lang='lat' dir='ltr'>Aeneas·</span> <span class='ocrx_word' id='word_1_99' title='bbox 1182 1808 1277 1862; x_wconf 80' lang='lat' dir='ltr'>Postea</span> <span class='ocrx_word' id='word_1_100' title='bbox 1296 1804 1464 1859; x_wconf 82' lang='lat' dir='ltr'>Maxentium</span> <span class='ocrx_word' id='word_1_101' title='bbox 1484 1803 1524 1856; x_wconf 91' lang='lat' dir='ltr'>in·</span> 
     </span>
     <span class='ocr_line' id='line_1_14' title="bbox 530 1889 1525 1968; baseline -0.008 -19"><span class='ocrx_word' id='word_1_102' title='bbox 530 1908 589 1956; x_wconf 86' lang='lat' dir='ltr'>set.</span> <span class='ocrx_word' id='word_1_103' title='bbox 606 1915 653 1968; x_wconf 85' lang='lat' dir='ltr'>per</span> <span class='ocrx_word' id='word_1_104' title='bbox 671 1895 788 1950; x_wconf 79' lang='lat' dir='ltr'>Africam</span> <span class='ocrx_word' id='word_1_105' title='bbox 806 1893 928 1966; x_wconf 74' lang='lat' dir='ltr'>pertenit</span> <span class='ocrx_word' id='word_1_106' title='bbox 948 1893 1002 1946; x_wconf 86' lang='lat' dir='ltr'>ite·</span> <span class='ocrx_word' id='word_1_107' title='bbox 1054 1895 1159 1950; x_wconf 88' lang='lat' dir='ltr'>teremit</span> <span class='ocrx_word' id='word_1_108' title='bbox 1177 1895 1325 1954; x_wconf 64' lang='lat' dir='ltr'>manius.</span> <span class='ocrx_word' id='word_1_109' title='bbox 1351 1903 1378 1946; x_wconf 89' lang='lat' dir='ltr'>et</span> <span class='ocrx_word' id='word_1_110' title='bbox 1396 1889 1525 1944; x_wconf 80' lang='lat' dir='ltr'>Laurola-</span> 
     </span>
     <span class='ocr_line' id='line_1_15' title="bbox 530 1978 1523 2053; baseline -0.009 -16"><span class='ocrx_word' id='word_1_111' title='bbox 530 2004 588 2040; x_wconf 86' lang='lat' dir='ltr'>rum</span> <span class='ocrx_word' id='word_1_112' title='bbox 608 1985 642 2040; x_wconf 84' lang='lat' dir='ltr'>ati</span> <span class='ocrx_word' id='word_1_113' title='bbox 662 1985 802 2044; x_wconf 85' lang='lat' dir='ltr'>Siciliam.</span> <span class='ocrx_word' id='word_1_114' title='bbox 822 1983 914 2053; x_wconf 79' lang='lat' dir='ltr'>ibique</span> <span class='ocrx_word' id='word_1_115' title='bbox 932 1982 1000 2036; x_wconf 77' lang='lat' dir='ltr'>Ace·</span> <span class='ocrx_word' id='word_1_116' title='bbox 1052 1982 1156 2036; x_wconf 86' lang='lat' dir='ltr'>vinium</span> <span class='ocrx_word' id='word_1_117' title='bbox 1188 1981 1285 2034; x_wconf 85' lang='lat' dir='ltr'>tenuit·</span> <span class='ocrx_word' id='word_1_118' title='bbox 1309 1979 1392 2033; x_wconf 89' lang='lat' dir='ltr'>Cuius</span> <span class='ocrx_word' id='word_1_119' title='bbox 1411 1978 1523 2032; x_wconf 83' lang='lat' dir='ltr'>Lavinia</span> 
     </span>
     <span class='ocr_line' id='line_1_16' title="bbox 531 2064 1524 2138; baseline -0.013 -10"><span class='ocrx_word' id='word_1_120' title='bbox 531 2087 599 2128; x_wconf 86' lang='lat' dir='ltr'>stam</span> <span class='ocrx_word' id='word_1_121' title='bbox 628 2073 750 2128; x_wconf 84' lang='lat' dir='ltr'>condidit</span> <span class='ocrx_word' id='word_1_122' title='bbox 773 2071 877 2125; x_wconf 83' lang='lat' dir='ltr'>urbem·</span> <span class='ocrx_word' id='word_1_123' title='bbox 897 2071 1000 2126; x_wconf 79' lang='lat' dir='ltr'>Deinde</span> <span class='ocrx_word' id='word_1_124' title='bbox 1051 2068 1289 2127; x_wconf 83' lang='lat' dir='ltr'>timeminsidias,</span> <span class='ocrx_word' id='word_1_125' title='bbox 1309 2067 1420 2138; x_wconf 76' lang='lat' dir='ltr'>gravida</span> <span class='ocrx_word' id='word_1_126' title='bbox 1434 2064 1524 2119; x_wconf 76' lang='lat' dir='ltr'>centu·</span> 
     </span>
     <span class='ocr_line' id='line_1_17' title="bbox 531 2154 1523 2230; baseline -0.014 -16"><span class='ocrx_word' id='word_1_127' title='bbox 531 2163 637 2217; x_wconf 76' lang='lat' dir='ltr'>Indiam</span> <span class='ocrx_word' id='word_1_128' title='bbox 656 2163 802 2230; x_wconf 78' lang='lat' dir='ltr'>navigans.</span> <span class='ocrx_word' id='word_1_129' title='bbox 822 2179 875 2215; x_wconf 89' lang='lat' dir='ltr'>non</span> <span class='ocrx_word' id='word_1_130' title='bbox 885 2161 962 2230; x_wconf 73' lang='lat' dir='ltr'>longe</span> <span class='ocrx_word' id='word_1_131' title='bbox 980 2177 996 2212; x_wconf 91' lang='lat' dir='ltr'>a</span> <span class='ocrx_word' id='word_1_132' title='bbox 1053 2160 1093 2226; x_wconf 72' lang='lat' dir='ltr'>git</span> <span class='ocrx_word' id='word_1_133' title='bbox 1111 2159 1141 2212; x_wconf 91' lang='lat' dir='ltr'>in</span> <span class='ocrx_word' id='word_1_134' title='bbox 1159 2159 1254 2218; x_wconf 85' lang='lat' dir='ltr'>siivas.</span> <span class='ocrx_word' id='word_1_135' title='bbox 1270 2168 1298 2210; x_wconf 88' lang='lat' dir='ltr'>ct</span> <span class='ocrx_word' id='word_1_136' title='bbox 1313 2154 1396 2208; x_wconf 89' lang='lat' dir='ltr'>latuit</span> <span class='ocrx_word' id='word_1_137' title='bbox 1415 2154 1442 2206; x_wconf 89' lang='lat' dir='ltr'>iu</span> <span class='ocrx_word' id='word_1_138' title='bbox 1461 2167 1523 2204; x_wconf 86' lang='lat' dir='ltr'>casa</span> 
     </span>
     <span class='ocr_line' id='line_1_18' title="bbox 531 2239 1523 2324; baseline -0.015 -20"><span class='ocrx_word' id='word_1_139' title='bbox 531 2249 803 2324; x_wconf 80' lang='lat' dir='ltr'>Campaniaeuboicis</span> <span class='ocrx_word' id='word_1_140' title='bbox 812 2249 937 2304; x_wconf 87' lang='lat' dir='ltr'>litoribus</span> <span class='ocrx_word' id='word_1_141' title='bbox 955 2249 997 2302; x_wconf 87' lang='lat' dir='ltr'>al-</span> <span class='ocrx_word' id='word_1_142' title='bbox 1050 2247 1164 2319; x_wconf 81' lang='lat' dir='ltr'>pastoris</span> <span class='ocrx_word' id='word_1_143' title='bbox 1182 2245 1267 2316; x_wconf 73' lang='lat' dir='ltr'>Tyris</span> <span class='ocrx_word' id='word_1_144' title='bbox 1301 2244 1435 2314; x_wconf 77' lang='lat' dir='ltr'>adquam</span> <span class='ocrx_word' id='word_1_145' title='bbox 1454 2239 1523 2292; x_wconf 83' lang='lat' dir='ltr'>ailu-</span> 
     </span>
     <span class='ocr_line' id='line_1_19' title="bbox 529 2327 1524 2409; baseline -0.006 -17"><span class='ocrx_word' id='word_1_146' title='bbox 529 2341 637 2409; x_wconf 74' lang='lat' dir='ltr'>tapsus,</span> <span class='ocrx_word' id='word_1_147' title='bbox 657 2355 794 2392; x_wconf 82' lang='lat' dir='ltr'>cumanam</span> <span class='ocrx_word' id='word_1_148' title='bbox 813 2337 928 2392; x_wconf 88' lang='lat' dir='ltr'>consulit</span> <span class='ocrx_word' id='word_1_149' title='bbox 953 2337 996 2388; x_wconf 88' lang='lat' dir='ltr'>Si·</span> <span class='ocrx_word' id='word_1_150' title='bbox 1050 2327 1524 2405; x_wconf 56' lang='lat' dir='ltr'>demtyruspatermmcepiteam.</span> 
     </span>
     <span class='ocr_line' id='line_1_20' title="bbox 526 2415 1523 2496; baseline -0.012 -18"><span class='ocrx_word' id='word_1_151' title='bbox 526 2427 646 2496; x_wconf 79' lang='lat' dir='ltr'>byilam.</span> <span class='ocrx_word' id='word_1_152' title='bbox 665 2443 791 2496; x_wconf 76' lang='lat' dir='ltr'>numqua</span> <span class='ocrx_word' id='word_1_153' title='bbox 810 2425 845 2478; x_wconf 86' lang='lat' dir='ltr'>ad</span> <span class='ocrx_word' id='word_1_154' title='bbox 865 2423 998 2478; x_wconf 75' lang='lat' dir='ltr'>infernum</span> <span class='ocrx_word' id='word_1_155' title='bbox 1051 2437 1078 2480; x_wconf 82' lang='lat' dir='ltr'>et</span> <span class='ocrx_word' id='word_1_156' title='bbox 1096 2425 1183 2487; x_wconf 81' lang='lat' dir='ltr'>iovit3</span> <span class='ocrx_word' id='word_1_157' title='bbox 1203 2433 1231 2476; x_wconf 85' lang='lat' dir='ltr'>et</span> <span class='ocrx_word' id='word_1_158' title='bbox 1245 2422 1300 2474; x_wconf 86' lang='lat' dir='ltr'>illic</span> <span class='ocrx_word' id='word_1_159' title='bbox 1314 2419 1393 2474; x_wconf 83' lang='lat' dir='ltr'>enixa</span> <span class='ocrx_word' id='word_1_160' title='bbox 1410 2428 1450 2470; x_wconf 85' lang='lat' dir='ltr'>est</span> <span class='ocrx_word' id='word_1_161' title='bbox 1469 2415 1523 2466; x_wconf 82' lang='lat' dir='ltr'>Sil-</span> 
     </span>
     <span class='ocr_line' id='line_1_21' title="bbox 530 2503 1519 2580; baseline -0.013 -14"><span class='ocrx_word' id='word_1_162' title='bbox 530 2513 685 2570; x_wconf 63' lang='lat' dir='ltr'>descendit.</span> <span class='ocrx_word' id='word_1_163' title='bbox 704 2524 735 2566; x_wconf 89' lang='lat' dir='ltr'>ut</span> <span class='ocrx_word' id='word_1_164' title='bbox 754 2523 998 2580; x_wconf 72' lang='lat' dir='ltr'>cunctacognosce·</span> <span class='ocrx_word' id='word_1_165' title='bbox 1050 2514 1134 2569; x_wconf 85' lang='lat' dir='ltr'>vium.</span> <span class='ocrx_word' id='word_1_166' title='bbox 1164 2510 1214 2565; x_wconf 82' lang='lat' dir='ltr'>Sed</span> <span class='ocrx_word' id='word_1_167' title='bbox 1239 2527 1298 2562; x_wconf 90' lang='lat' dir='ltr'>cum</span> <span class='ocrx_word' id='word_1_168' title='bbox 1324 2503 1454 2564; x_wconf 77' lang='lat' dir='ltr'>decamus</span> <span class='ocrx_word' id='word_1_169' title='bbox 1473 2503 1519 2554; x_wconf 84' lang='lat' dir='ltr'>tla-</span> 
     </span>
     <span class='ocr_line' id='line_1_22' title="bbox 498 2595 1519 2672; baseline -0.008 -22"><span class='ocrx_word' id='word_1_170' title='bbox 498 2642 506 2650; x_wconf 89' lang='lat'>.</span> <span class='ocrx_word' id='word_1_171' title='bbox 529 2611 578 2652; x_wconf 83' lang='lat' dir='ltr'>ret.</span> <span class='ocrx_word' id='word_1_172' title='bbox 597 2603 633 2653; x_wconf 85' lang='lat' dir='ltr'>Et</span> <span class='ocrx_word' id='word_1_173' title='bbox 647 2599 744 2652; x_wconf 85' lang='lat' dir='ltr'>deinde</span> <span class='ocrx_word' id='word_1_174' title='bbox 757 2599 999 2656; x_wconf 84' lang='lat' dir='ltr'>Circeamiusulam</span> <span class='ocrx_word' id='word_1_175' title='bbox 1053 2613 1141 2672; x_wconf 76' lang='lat' dir='ltr'>graret</span> <span class='ocrx_word' id='word_1_176' title='bbox 1160 2599 1277 2656; x_wconf 83' lang='lat' dir='ltr'>invidia.</span> <span class='ocrx_word' id='word_1_177' title='bbox 1296 2595 1418 2652; x_wconf 80' lang='lat' dir='ltr'>evocavit</span> <span class='ocrx_word' id='word_1_178' title='bbox 1430 2608 1519 2646; x_wconf 82' lang='lat' dir='ltr'>nover-</span> 
     </span>
     <span class='ocr_line' id='line_1_23' title="bbox 530 2678 1520 2758; baseline -0.008 -19"><span class='ocrx_word' id='word_1_179' title='bbox 530 2697 741 2758; x_wconf 84' lang='lat' dir='ltr'>praetervcctus.</span> <span class='ocrx_word' id='word_1_180' title='bbox 761 2687 869 2740; x_wconf 81' lang='lat' dir='ltr'>tandem</span> <span class='ocrx_word' id='word_1_181' title='bbox 886 2689 921 2742; x_wconf 88' lang='lat' dir='ltr'>ad</span> <span class='ocrx_word' id='word_1_182' title='bbox 942 2689 999 2742; x_wconf 85' lang='lat' dir='ltr'>ita·</span> <span class='ocrx_word' id='word_1_183' title='bbox 1052 2709 1124 2748; x_wconf 81' lang='lat' dir='ltr'>carn.</span> <span class='ocrx_word' id='word_1_184' title='bbox 1153 2699 1181 2742; x_wconf 90' lang='lat' dir='ltr'>et</span> <span class='ocrx_word' id='word_1_185' title='bbox 1198 2689 1224 2739; x_wconf 90' lang='lat' dir='ltr'>ei</span> <span class='ocrx_word' id='word_1_186' title='bbox 1241 2685 1371 2740; x_wconf 78' lang='lat' dir='ltr'>concessit</span> <span class='ocrx_word' id='word_1_187' title='bbox 1394 2678 1520 2732; x_wconf 80' lang='lat' dir='ltr'>Laurola-</span> 
     </span>
     <span class='ocr_line' id='line_1_24' title="bbox 529 2771 1518 2843; baseline -0.008 -15"><span class='ocrx_word' id='word_1_188' title='bbox 529 2779 592 2828; x_wconf 82' lang='lat' dir='ltr'>lium</span> <span class='ocrx_word' id='word_1_189' title='bbox 610 2775 699 2833; x_wconf 77' lang='lat' dir='ltr'>venit.</span> <span class='ocrx_word' id='word_1_190' title='bbox 718 2775 816 2828; x_wconf 88' lang='lat' dir='ltr'>ostium</span> <span class='ocrx_word' id='word_1_191' title='bbox 835 2776 940 2832; x_wconf 86' lang='lat' dir='ltr'>Tiberis</span> <span class='ocrx_word' id='word_1_192' title='bbox 954 2779 997 2832; x_wconf 85' lang='lat' dir='ltr'>in·</span> <span class='ocrx_word' id='word_1_193' title='bbox 1051 2783 1172 2843; x_wconf 68' lang='lat' dir='ltr'>vinium</span> <span class='ocrx_word' id='word_1_194' title='bbox 1190 2777 1242 2832; x_wconf 87' lang='lat' dir='ltr'>sibi</span> <span class='ocrx_word' id='word_1_195' title='bbox 1263 2792 1323 2828; x_wconf 85' lang='lat' dir='ltr'>vcro</span> <span class='ocrx_word' id='word_1_196' title='bbox 1342 2771 1436 2825; x_wconf 77' lang='lat' dir='ltr'>Albam</span> <span class='ocrx_word' id='word_1_197' title='bbox 1454 2787 1518 2821; x_wconf 83' lang='lat' dir='ltr'>eon-</span> 
     </span>
     <span class='ocr_line' id='line_1_25' title="bbox 529 2855 1519 2938; baseline -0.009 -20"><span class='ocrx_word' id='word_1_198' title='bbox 529 2877 615 2918; x_wconf 82' lang='lat' dir='ltr'>trons:</span> <span class='ocrx_word' id='word_1_199' title='bbox 648 2864 740 2935; x_wconf 87' lang='lat' dir='ltr'>ibique</span> <span class='ocrx_word' id='word_1_200' title='bbox 765 2885 814 2937; x_wconf 84' lang='lat' dir='ltr'>pro</span> <span class='ocrx_word' id='word_1_201' title='bbox 842 2883 907 2938; x_wconf 81' lang='lat' dir='ltr'>pace</span> <span class='ocrx_word' id='word_1_202' title='bbox 931 2868 997 2923; x_wconf 87' lang='lat' dir='ltr'>satis</span> <span class='ocrx_word' id='word_1_203' title='bbox 1050 2871 1155 2925; x_wconf 83' lang='lat' dir='ltr'>stituit:</span> <span class='ocrx_word' id='word_1_204' title='bbox 1174 2867 1222 2938; x_wconf 91' lang='lat' dir='ltr'>qui</span> <span class='ocrx_word' id='word_1_205' title='bbox 1241 2860 1439 2936; x_wconf 82' lang='lat' dir='ltr'>quoniamsinc</span> <span class='ocrx_word' id='word_1_206' title='bbox 1457 2855 1519 2910; x_wconf 82' lang='lat' dir='ltr'>iibe-</span> 
     </span>
     <span class='ocr_line' id='line_1_26' title="bbox 528 2945 1517 3030; baseline -0.004 -28"><span class='ocrx_word' id='word_1_207' title='bbox 528 2969 605 3019; x_wconf 80' lang='lat' dir='ltr'>agens</span> <span class='ocrx_word' id='word_1_208' title='bbox 619 2953 715 3024; x_wconf 69' lang='lat' dir='ltr'>petiitr</span> <span class='ocrx_word' id='word_1_209' title='bbox 725 2965 752 3008; x_wconf 87' lang='lat' dir='ltr'>ct</span> <span class='ocrx_word' id='word_1_210' title='bbox 764 2955 898 3008; x_wconf 86' lang='lat' dir='ltr'>amicitiae</span> <span class='ocrx_word' id='word_1_211' title='bbox 911 2957 998 3008; x_wconf 84' lang='lat' dir='ltr'>Evan-</span> <span class='ocrx_word' id='word_1_212' title='bbox 1048 2962 1086 3016; x_wconf 80' lang='lat' dir='ltr'>ris</span> <span class='ocrx_word' id='word_1_213' title='bbox 1104 2959 1203 3030; x_wconf 86' lang='lat' dir='ltr'>periit.</span> <span class='ocrx_word' id='word_1_214' title='bbox 1222 2953 1321 3010; x_wconf 78' lang='lat' dir='ltr'>Siluio.</span> <span class='ocrx_word' id='word_1_215' title='bbox 1348 2949 1443 3020; x_wconf 88' lang='lat' dir='ltr'>quiet</span> <span class='ocrx_word' id='word_1_216' title='bbox 1462 2945 1517 3018; x_wconf 83' lang='lat' dir='ltr'>ipse</span> 
     </span>
     <span class='ocr_line' id='line_1_27' title="bbox 527 3040 1532 3104; baseline 0 -11"><span class='ocrx_word' id='word_1_217' title='bbox 527 3040 568 3094; x_wconf 84' lang='lat' dir='ltr'>dri</span> <span class='ocrx_word' id='word_1_218' title='bbox 589 3041 695 3096; x_wconf 86' lang='lat' dir='ltr'>iunctus</span> <span class='ocrx_word' id='word_1_219' title='bbox 714 3053 770 3100; x_wconf 79' lang='lat' dir='ltr'>est.</span> <span class='ocrx_word' id='word_1_220' title='bbox 788 3044 999 3098; x_wconf 79' lang='lat' dir='ltr'>ctooxilio&#39;i&#39;u·</span> <span class='ocrx_word' id='word_1_221' title='bbox 1048 3048 1177 3104; x_wconf 84' lang='lat' dir='ltr'>Ascanius</span> <span class='ocrx_word' id='word_1_222' title='bbox 1197 3045 1285 3098; x_wconf 85' lang='lat' dir='ltr'>dietus</span> <span class='ocrx_word' id='word_1_223' title='bbox 1303 3051 1363 3098; x_wconf 72' lang='lat' dir='ltr'>est·</span> <span class='ocrx_word' id='word_1_224' title='bbox 1394 3055 1471 3092; x_wconf 86' lang='lat' dir='ltr'>suum</span> <span class='ocrx_word' id='word_1_225' title='bbox 1491 3049 1532 3087; x_wconf 75' lang='lat' dir='ltr'>re·</span> 
     </span>
     <span class='ocr_line' id='line_1_28' title="bbox 527 3131 1295 3209; baseline 0 -26"><span class='ocrx_word' id='word_1_226' title='bbox 527 3147 628 3186; x_wconf 87' lang='lat' dir='ltr'>scorum</span> <span class='ocrx_word' id='word_1_227' title='bbox 657 3139 759 3184; x_wconf 77' lang='lat' dir='ltr'>stactus·</span> <span class='ocrx_word' id='word_1_228' title='bbox 784 3131 834 3182; x_wconf 86' lang='lat' dir='ltr'>Sed</span> <span class='ocrx_word' id='word_1_229' title='bbox 854 3148 869 3182; x_wconf 87' lang='lat' dir='ltr'>a</span> <span class='ocrx_word' id='word_1_230' title='bbox 888 3131 995 3191; x_wconf 80' lang='lat' dir='ltr'>Turno.</span> <span class='ocrx_word' id='word_1_231' title='bbox 1047 3137 1130 3209; x_wconf 84' lang='lat' dir='ltr'>liquit</span> <span class='ocrx_word' id='word_1_232' title='bbox 1149 3133 1295 3206; x_wconf 83' lang='lat' dir='ltr'>imperium·</span> 
     </span>
    </p>

    <p class='ocr_par' dir='ltr' id='par_1_3' title="bbox 527 3220 993 3289">
     <span class='ocr_line' id='line_1_29' title="bbox 527 3220 993 3289; baseline 0.002 -15"><span class='ocrx_word' id='word_1_233' title='bbox 527 3223 580 3277; x_wconf 82' lang='lat' dir='ltr'>tilio</span> <span class='ocrx_word' id='word_1_234' title='bbox 593 3220 688 3276; x_wconf 80' lang='lat' dir='ltr'>Glauci</span> <span class='ocrx_word' id='word_1_235' title='bbox 707 3233 734 3276; x_wconf 90' lang='lat' dir='ltr'>ct</span> <span class='ocrx_word' id='word_1_236' title='bbox 752 3222 875 3274; x_wconf 78' lang='lat' dir='ltr'>Veniliac</span> <span class='ocrx_word' id='word_1_237' title='bbox 887 3221 993 3289; x_wconf 76' lang='lat' dir='ltr'>reginae</span> 
     </span>
    </p>

    <p class='ocr_par' dir='ltr' id='par_1_4' title="bbox 523 3309 1392 3474">
     <span class='ocr_line' id='line_1_30' title="bbox 523 3309 1392 3384; baseline -0.002 -20"><span class='ocrx_word' id='word_1_238' title='bbox 523 3313 694 3370; x_wconf 74' lang='lat' dir='ltr'>Rutulorum,</span> <span class='ocrx_word' id='word_1_239' title='bbox 713 3310 782 3364; x_wconf 84' lang='lat' dir='ltr'>bello</span> <span class='ocrx_word' id='word_1_240' title='bbox 798 3311 941 3384; x_wconf 65' lang='lat' dir='ltr'>exceptus.</span> <span class='ocrx_word' id='word_1_241' title='bbox 960 3330 992 3366; x_wconf 83' lang='lat' dir='ltr'>eo</span> <span class='ocrx_word' id='word_1_242' title='bbox 1173 3309 1392 3369; x_wconf 68' lang='lat' dir='ltr'>aot-nenton.</span> 
     </span>
     <span class='ocr_line' id='line_1_31' title="bbox 524 3402 989 3474; baseline 0.004 -21"><span class='ocrx_word' id='word_1_243' title='bbox 524 3403 680 3462; x_wconf 84' lang='lat' dir='ltr'>interiecto,</span> <span class='ocrx_word' id='word_1_244' title='bbox 697 3403 776 3456; x_wconf 88' lang='lat' dir='ltr'>duxit</span> <span class='ocrx_word' id='word_1_245' title='bbox 794 3402 852 3456; x_wconf 91' lang='lat' dir='ltr'>eius</span> <span class='ocrx_word' id='word_1_246' title='bbox 866 3419 989 3474; x_wconf 83' lang='lat' dir='ltr'>sponsam</span> 
     </span>
    </p>

    <p class='ocr_par' dir='ltr' id='par_1_5' title="bbox 521 3439 1510 3826">
     <span class='ocr_line' id='line_1_32' title="bbox 521 3439 1510 3557; baseline -0.011 -17"><span class='ocrx_word' id='word_1_247' title='bbox 521 3489 660 3543; x_wconf 81' lang='lat' dir='ltr'>Lauiniam</span> <span class='ocrx_word' id='word_1_248' title='bbox 688 3490 778 3542; x_wconf 86' lang='lat' dir='ltr'>Latini</span> <span class='ocrx_word' id='word_1_249' title='bbox 801 3491 869 3557; x_wconf 83' lang='lat' dir='ltr'>regis</span> <span class='ocrx_word' id='word_1_250' title='bbox 888 3490 989 3556; x_wconf 69' lang='lat' dir='ltr'>filiam</span> <span class='ocrx_word' id='word_1_251' title='bbox 1079 3439 1208 3553; x_wconf 83' lang='lat' dir='ltr'>Rhesus</span> <span class='ocrx_word' id='word_1_252' title='bbox 1231 3509 1277 3544; x_wconf 80' lang='lat' dir='ltr'>rex</span> <span class='ocrx_word' id='word_1_253' title='bbox 1300 3482 1431 3540; x_wconf 77' lang='lat' dir='ltr'>Thraciae</span> <span class='ocrx_word' id='word_1_254' title='bbox 1448 3477 1510 3536; x_wconf 84' lang='lat' dir='ltr'>iuit.</span> 
     </span>
     <span class='ocr_line' id='line_1_33' title="bbox 522 3575 1509 3659; baseline -0.002 -31"><span class='ocrx_word' id='word_1_255' title='bbox 522 3577 555 3628; x_wconf 90' lang='lat' dir='ltr'>de</span> <span class='ocrx_word' id='word_1_256' title='bbox 572 3577 647 3630; x_wconf 84' lang='lat' dir='ltr'>cuius</span> <span class='ocrx_word' id='word_1_257' title='bbox 665 3579 771 3631; x_wconf 86' lang='lat' dir='ltr'>nomine</span> <span class='ocrx_word' id='word_1_258' title='bbox 793 3579 920 3648; x_wconf 83' lang='lat' dir='ltr'>oppidum</span> <span class='ocrx_word' id='word_1_259' title='bbox 940 3583 989 3633; x_wconf 82' lang='lat' dir='ltr'>La·</span> <span class='ocrx_word' id='word_1_260' title='bbox 1040 3588 1156 3659; x_wconf 84' lang='lat' dir='ltr'>quicum</span> <span class='ocrx_word' id='word_1_261' title='bbox 1176 3585 1210 3637; x_wconf 88' lang='lat' dir='ltr'>ad</span> <span class='ocrx_word' id='word_1_262' title='bbox 1230 3581 1327 3635; x_wconf 82' lang='lat' dir='ltr'>Troiae</span> <span class='ocrx_word' id='word_1_263' title='bbox 1337 3575 1449 3630; x_wconf 84' lang='lat' dir='ltr'>venisset</span> <span class='ocrx_word' id='word_1_264' title='bbox 1460 3589 1509 3622; x_wconf 79' lang='lat' dir='ltr'>eu·</span> 
     </span>
     <span class='ocr_line' id='line_1_34' title="bbox 521 3663 1509 3740; baseline -0.005 -24"><span class='ocrx_word' id='word_1_265' title='bbox 521 3663 623 3716; x_wconf 85' lang='lat' dir='ltr'>vinium</span> <span class='ocrx_word' id='word_1_266' title='bbox 641 3664 780 3720; x_wconf 87' lang='lat' dir='ltr'>condidit,</span> <span class='ocrx_word' id='word_1_267' title='bbox 800 3663 891 3734; x_wconf 85' lang='lat' dir='ltr'>ibique</span> <span class='ocrx_word' id='word_1_268' title='bbox 906 3669 988 3722; x_wconf 81' lang='lat' dir='ltr'>ternis</span> <span class='ocrx_word' id='word_1_269' title='bbox 1040 3676 1122 3732; x_wconf 59' lang='lat' dir='ltr'>gilio,</span> <span class='ocrx_word' id='word_1_270' title='bbox 1143 3672 1291 3740; x_wconf 75' lang='lat' dir='ltr'>clausisque</span> <span class='ocrx_word' id='word_1_271' title='bbox 1309 3665 1392 3738; x_wconf 86' lang='lat' dir='ltr'>portis</span> <span class='ocrx_word' id='word_1_272' title='bbox 1420 3670 1509 3713; x_wconf 82' lang='lat' dir='ltr'>tento-</span> 
     </span>
     <span class='ocr_line' id='line_1_35' title="bbox 521 3749 1509 3826; baseline -0.004 -24"><span class='ocrx_word' id='word_1_273' title='bbox 521 3753 597 3804; x_wconf 81' lang='lat' dir='ltr'>annis</span> <span class='ocrx_word' id='word_1_274' title='bbox 617 3753 747 3820; x_wconf 76' lang='lat' dir='ltr'>regnavit.</span> <span class='ocrx_word' id='word_1_275' title='bbox 766 3755 829 3807; x_wconf 81' lang='lat' dir='ltr'>Mox</span> <span class='ocrx_word' id='word_1_276' title='bbox 843 3773 901 3806; x_wconf 87' lang='lat' dir='ltr'>cum</span> <span class='ocrx_word' id='word_1_277' title='bbox 916 3755 987 3826; x_wconf 87' lang='lat' dir='ltr'>apud</span> <span class='ocrx_word' id='word_1_278' title='bbox 1041 3767 1080 3818; x_wconf 65' lang='lat' dir='ltr'>rin</span> <span class='ocrx_word' id='word_1_279' title='bbox 1108 3765 1217 3817; x_wconf 76' lang='lat' dir='ltr'>locasset</span> <span class='ocrx_word' id='word_1_280' title='bbox 1244 3759 1272 3810; x_wconf 90' lang='lat' dir='ltr'>in</span> <span class='ocrx_word' id='word_1_281' title='bbox 1298 3755 1390 3812; x_wconf 85' lang='lat' dir='ltr'>litore.</span> <span class='ocrx_word' id='word_1_282' title='bbox 1409 3749 1509 3804; x_wconf 86' lang='lat' dir='ltr'>Dolone</span> 
     </span>
    </p>
   </div>
   <div class='ocr_carea' id='block_1_3' title="bbox 519 3841 1509 3925">
    <p class='ocr_par' dir='ltr' id='par_1_6' title="bbox 519 3841 1509 3925">
     <span class='ocr_line' id='line_1_36' title="bbox 519 3841 1509 3925; baseline 0 -33"><span class='ocrx_word' id='word_1_283' title='bbox 519 3841 660 3892; x_wconf 85' lang='lat' dir='ltr'>Numicum</span> <span class='ocrx_word' id='word_1_284' title='bbox 679 3841 788 3898; x_wconf 83' lang='lat' dir='ltr'>fluvium</span> <span class='ocrx_word' id='word_1_285' title='bbox 799 3842 985 3902; x_wconf 85' lang='lat' dir='ltr'>deambulans,</span> <span class='ocrx_word' id='word_1_286' title='bbox 1039 3853 1168 3925; x_wconf 79' lang='lat' dir='ltr'>prodente</span> <span class='ocrx_word' id='word_1_287' title='bbox 1185 3849 1234 3920; x_wconf 88' lang='lat' dir='ltr'>qui</span> <span class='ocrx_word' id='word_1_288' title='bbox 1247 3842 1509 3924; x_wconf 74' lang='lat' dir='ltr'>¹ruissusiueratspc·</span> 
     </span>
    </p>
   </div>
   <div class='ocr_carea' id='block_1_4' title="bbox 545 3979 1314 4054">
    <p class='ocr_par' dir='ltr' id='par_1_7' title="bbox 545 3979 1314 4054">
     <span class='ocr_line' id='line_1_37' title="bbox 545 3979 1314 4054; baseline 0.008 -26"><span class='ocrx_word' id='word_1_289' title='bbox 545 3979 585 4044; x_wconf 85' lang='lat' dir='ltr'>(t)</span> <span class='ocrx_word' id='word_1_290' title='bbox 601 3989 639 4029; x_wconf 84' lang='lat' dir='ltr'>lta</span> <span class='ocrx_word' id='word_1_291' title='bbox 657 3981 711 4029; x_wconf 84' lang='lat' dir='ltr'>cod.</span> <span class='ocrx_word' id='word_1_292' title='bbox 1075 3987 1115 4054; x_wconf 88' lang='lat' dir='ltr'>(a)</span> <span class='ocrx_word' id='word_1_293' title='bbox 1131 3988 1210 4036; x_wconf 76' lang='lat' dir='ltr'>rtatim</span> <span class='ocrx_word' id='word_1_294' title='bbox 1223 3997 1314 4047; x_wconf 79' lang='lat' dir='ltr'>poster.</span> 
     </span>
    </p>
   </div>
   <div class='ocr_carea' id='block_1_5' title="bbox 0 0 1838 5338">
    <p class='ocr_par' dir='ltr' id='par_1_8' title="bbox 0 0 1838 5338">
     <span class='ocr_line' id='line_1_38' title="bbox 0 0 1838 5338; baseline 0 6"><span class='ocrx_word' id='word_1_295' title='bbox 0 0 1838 5338; x_wconf 95' lang='lat' dir='ltr'> </span> 
     </span>
    </p>
   </div>
  </div>
 </body>
</html>
