3638 5332
582 593 660 688 424
890 611 1033 663 omarus
1061 611 1227 662 stanneus

558 809 606 857 no
626 779 830 856 commixtae
851 797 970 854 contra
989 805 1106 854 onusta
1124 803 1258 854 venena
1271 793 1474 878 repugnant.
1490 775 1571 850 Tri-

558 919 612 976 tae
640 929 723 977 cum
749 901 844 974 corio
872 927 935 974 suo
959 957 968 989 ‚
996 899 1163 974 umbilico
1191 899 1356 998 inpositae
1388 897 1570 988 ‚lumbri-

559 1051 617 1098 cos
645 1021 820 1098 occidunt
841 1017 941 1094 Folia
969 1045 1089 1093 aarum
1108 1046 1190 1092 cum
1214 1035 1310 1092 aceto
1337 1019 1451 1110 trita,
1477 1017 1569 1092 auri·

555 1143 622 1218 hus
642 1141 803 1216 instillata
826 1197 836 1228 ,
861 1138 1020 1213 auditum
1037 1140 1211 1239 praebent.

612 1261 661 1334 23
689 1257 959 1356 Amygdalarum
986 1256 1145 1329 dulcium
1170 1255 1314 1329 virtutes
1340 1253 1569 1328 calidissimae

557 1396 671 1467 sunt,
700 1393 733 1450 et
759 1376 928 1450 nutriunt.
954 1373 1093 1448 Calidae
1121 1393 1203 1448 sunt
1230 1375 1274 1448 ob
1293 1374 1571 1475 pinguedinem3

557 1495 720 1570 nutriunt
738 1494 818 1594 quia
835 1521 1007 1570 carnosae.
1017 1493 1208 1593 Amygdala
1221 1519 1342 1566 recens
1355 1495 1574 1568 stomachum

556 1630 676 1690 onerat
697 1645 708 1710 3
728 1613 818 1686 sicca
838 1639 922 1686 oum
940 1612 1100 1712 pellicula
1123 1615 1168 1714 (a)
1190 1639 1251 1686 sua
1271 1614 1485 1704 commixta,
1504 1629 1573 1687 sto-

557 1735 681 1810 inacho
708 1733 801 1807 utilis
824 1789 834 1823 ‚
860 1759 1023 1805 venerem
1048 1749 1193 1822 movet,
1220 1733 1419 1806 ebrictatem
1443 1749 1572 1822 arcet,

558 1879 720 1926 somnum
739 1852 830 1926 facit.
850 1848 948 1924 Trita
969 1877 1052 1924 cum
1077 1866 1274 1924 mentorum
1292 1877 1375 1924 suco
1398 1908 1409 1940 ‚
1436 1851 1573 1949 sangui·

557 1999 642 2046 nem
660 1973 841 2047 reicientes
861 1971 963 2046 iuvat.
979 1971 1108 2046 Nuclei
1126 1965 1208 2045 t'orti
1228 1971 1299 2044 tn'ti
1318 1999 1421 2048 sucus
1441 1989 1573 2046 tussam

557 2092 673 2166 tollit.
701 2089 910 2191 Amygdalae
937 2115 1069 2163 amarae
1097 2089 1253 2164 fortiores
1280 2107 1362 2164 sunt
1390 2121 1399 2166 :
1426 2091 1571 2191 spleni,

556 2211 723 2302 iocineri,
738 2212 857 2286 morbo
877 2209 970 2309 regio
982 2265 993 2297 ‚
1007 2209 1151 2284 nucleos
1169 2210 1267 2285 tritos
1288 2238 1370 2286 cum
1390 2212 1490 2286 melle
1511 2241 1571 2314 po·

556 2331 610 2404 tui
629 2331 718 2406 dato.
736 2327 830 2406 Cum
850 2329 924 2404 oleo
949 2330 1044 2402 tritas
1061 2331 1109 2430 (h)
1124 2329 1160 2402 in
1181 2357 1301 2404 aurem
1320 2331 1466 2408 stillato:
1484 2334 1571 2406 anti-

548 2469 666 2552 'quam
684 2450 863 2524 surditiam
881 2449 1017 2524 tollunt.
1029 2445 1146 2521 Tritae
1162 2475 1244 2524 cum
1257 2467 1354 2525 aceto
1374 2453 1514 2528 vulnera
1533 2455 1572 2528 in

558 2586 675 2644 mento
695 2586 774 2643 nata
794 2586 829 2642 et
842 2567 1057 2668 impetigines
1069 2568 1205 2643 tollunt.
1222 2569 1367 2646 Gummi
1389 2599 1508 2647 aarum
1527 2603 1570 2648 ex

559 2711 665 2788 pusca
685 2687 813 2760 dantur
827 2687 1031 2785 sanguinem
1051 2687 1286 2765 reicientibus.
1302 2689 1477 2791 Hepoticis
1491 2721 1574 2768 con·

558 2835 661 2905 gruae
688 2823 770 2880 sunt
794 2865 803 2897 ‚
822 2823 967 2907 purgato
988 2809 1115 2882 cortice
1135 2809 1172 2882 in
1193 2837 1281 2910 aqua
1301 2811 1414 2911 tepida
1437 2869 1447 2901 ,
1468 2830 1502 2887 et
1520 2815 1569 2888 sic

503 2931 509 2954 ⁸
560 2927 795 3002 comedantur.

617 3049 667 3140 24
698 3043 885 3119 Malorum
915 3061 1153 3144 grassatorum
1184 3049 1236 3149 (o)
1271 3048 1399 3124 multae
1432 3052 1575 3126 virtutes

560 3181 642 3240 sunt
664 3195 673 3240 ι
699 3164 814 3240 dulcia
841 3182 876 3240 et
901 3166 1030 3256 acida,
1056 3167 1231 3241 vinolenta
1259 3187 1292 3242 et
1318 3171 1456 3245 acerba.
1484 3167 1573 3245 Dul-

560 3285 613 3356 cia
631 3283 759 3356 habent
778 3283 909 3385 aliquid
930 3284 1050 3360 caloris
1072 3317 1081 3362 ε
1101 3285 1179 3360 ideo
1200 3287 1487 3364 inflammationes
1506 3306 1573 3363 sto-

561 3401 675 3474 machi
694 3421 912 3476 commovent
935 3461 944 3493 ‚
974 3422 1007 3477 et
1027 3422 1217 3502 egeruntur
1242 3462 1253 3494 ,
1273 3423 1308 3478 et
1328 3435 1369 3480 ex
1388 3425 1483 3506 parte
1509 3436 1575 3482 nu·

561 3521 681 3596 triunt.
702 3519 994 3598 Febricitantibus
1021 3552 1093 3598 non
1121 3525 1260 3602 dantur.
1287 3523 1397 3601 Aoida
1423 3528 1575 3627 frigidio-

561 3667 599 3712 ra
627 3695 637 3728 ‚
665 3641 839 3714 stomacho
858 3641 1091 3718 adcommoda
1122 3699 1132 3732 ,
1160 3643 1297 3717 urinam
1323 3664 1572 3739 commovent,

596 3917 635 3986 (a)
647 3918 861 3971 Commisit-ele.
879 3919 918 3985 (ir)
928 3923 1018 3970 Scilicet
1026 3925 1179 3988 amygdalae.
1191 3924 1229 3990 (a)
1236 3929 1320 3972 Desunt
1329 3928 1384 3974 haec
1392 3927 1436 3973 duo
1445 3927 1573 3978 rectioris.
