3628 5336
550 649 614 730 ,ιο

517 811 585 884 lapis
598 809 685 866 cxiret
702 811 793 882 prior.
808 813 941 882 priorem
960 829 1008 864 cn·

743 640 1108 713 MYTHOGRAPHUS
1133 643 1328 718 TERTIUS

1068 831 1126 868 nnis
1143 814 1264 870 evanuit.
1282 815 1325 870 Ob
1340 831 1419 886 quarn
1435 835 1487 871 rem
1506 836 1549 872 se-

519 902 561 954 ius
585 900 689 957 serior.
711 901 837 966 seriorem
857 902 892 954 ad
911 901 1007 956 inferos
1064 901 1179 954 cinisum
1196 903 1301 956 eosdem
1319 903 1420 956 dietum
1432 916 1472 958 est
1483 942 1490 962 .
1498 907 1563 978 fir·-

1061 991 1124 1040 cilis
1139 993 1251 1042 ructare
1273 993 1405 1062 sepulcri.

1086 1073 1319 1152 ,13qiiametiasa
1345 1079 1413 1130 intur
1437 1078 1548 1131 exordis

1060 1165 1182 1218 conditae
1198 1163 1369 1232 Carthaginis
1385 1171 1490 1218 Aeneae
1501 1183 1547 1218 uu-

517 991 694 1046 dcscendcrc.
713 1001 874 1043 asseverant.

554 1092 595 1128 ra.
614 1073 725 1128 Talibus
738 1077 918 1142 figmentorum
934 1075 1003 1128 ridi·

516 1161 582 1214 culis
591 1179 695 1232 operam
707 1179 808 1232 sempor
823 1161 947 1216 adhibuit
961 1163 1002 1214 in-

515 1250 652 1304 veniendis
669 1247 776 1318 pulchre
790 1250 901 1305 meudun
917 1251 1002 1302 Grue-

515 1342 557 1394 cia
573 1375 579 1396 .
598 1351 626 1394 et
647 1340 751 1409 pontica
775 1339 915 1405 garrulitas
936 1357 1002 1392 scm·

512 1449 559 1502 prr
579 1429 611 1481 de
629 1429 745 1481 lnlsitate
762 1439 866 1482 ornatu.
884 1428 937 1480 iias
954 1447 1016 1500 ιιιι·Ι

515 1528 567 1570 tem
577 1516 667 1570 mortis
677 1515 872 1572 cosurucuticias
887 1514 1001 1570 dilatio-

514 1625 559 1659 nes
570 1605 603 1658 ab
614 1604 663 1656 hnc
679 1622 705 1656 ru
718 1615 789 1656 ortas
804 1603 909 1660 ierunt.
925 1602 998 1674 quod

515 1693 593 1744 certis
615 1688 853 1743 coar-ncnitionibus
876 1689 999 1744 sotebant

516 1779 625 1832 maiorm
637 1777 721 1830 iacere
734 1788 764 1830 ut
774 1775 897 1830 adversus
909 1793 998 1831 omnes

516 1867 635 1920 fortunae
656 1865 766 1934 impetus
782 1874 868 1918 essent
883 1863 997 1922 muniti:

516 1969 565 2006 nec
587 1963 731 2022 poteraut.
755 1961 787 2004 ul
809 1951 849 2004 ait
871 1949 998 2007 Servius.

516 2037 582 2090 inari
602 2037 653 2090 uisi
671 2035 834 2090 esarrctorati
851 2035 893 2086 illa
912 2053 1001 2088 corisc-

518 2127 659 2178 cratinne.
684 2124 759 2178 Uude
781 2125 851 2176 circa
874 2121 1001 2176 Didonem

518 2217 569 2268 ins
586 2225 738 2267 servantur.
758 2213 837 2266 Porro
855 2230 947 2264 urnam
965 2211 999 2264 it.

517 2303 568 2357 lanu
588 2305 671 2374 ipsunt
687 2299 797 2370 qnidam
810 2301 934 2352 mnndum
948 2319 999 2352 riou

517 2393 630 2446 absurde
648 2392 802 2461 accipiuut.
820 2407 921 2458 seraper
939 2389 1001 2441 titu-

516 2479 624 2540 bnntcin
644 2491 673 2532 et
689 2477 778 2533 enimin
796 2487 940 2529 versantem
954 2510 960 2528 .
975 2483 1003 2526 et

518 2572 551 2624 ad
567 2573 662 2626 inieras
675 2585 853 2640 quoscumque
863 2577 934 2620 tenet
946 2565 1003 2618 nsit·

518 2673 625 2714 tuntum.
641 2660 715 2711 Urnis·
727 2658 866 2711 limatius:
884 2656 1001 2708 omrrinm

516 2764 645 2802 vers-nnn·
667 2766 758 2802 urna.
775 2745 865 2796 scrius
893 2743 1002 2792 ociosus

517 2831 576 2890 sbi-s
594 2841 744 2890 excitatur.
753 2832 802 2885 Sed
817 2843 845 2884 et
864 2829 898 2882 ab
916 2830 1001 2883 bisin·

518 2905 556 2978 ria
575 2925 683 2976 ductum
694 2921 806 2974 videtur.
817 2917 911 2972 Graeci
919 2917 1003 2973 enim.

516 3026 547 3066 ut
563 3015 656 3080 legitur
667 3050 674 3070 .
684 3013 783 3080 legatos
794 3006 918 3079 quopiam
938 3005 1003 3058 niis-

516 3104 571 3158 suri
582 3140 589 3158 ‚
602 3112 683 3154 sortes
703 3100 731 3152 in
744 3115 835 3150 urnam
852 3094 1003 3167 ponebant,

515 3206 542 3246 et
559 3211 625 3260 qnos
642 3207 697 3242 sors
714 3183 866 3241 destinabat
885 3221 892 3241 ‚
910 3183 1002 3236 milte-

514 3279 589 3334 bant.
602 3280 637 3330 iJi·
648 3275 748 3328 Didone
757 3274 895 3343 expirante
912 3270 1000 3340 dilap-

513 3383 571 3422 sum
584 3363 652 3417 dicit
663 3360 790 3429 Virgilius
809 3360 920 3411 calorem
932 3375 941 3420 5
958 3372 1002 3410 eos

515 3455 635 3508 imitatus
654 3453 702 3524 qui
715 3451 831 3502 animani
845 3447 940 3500 dicunt
955 3463 1001 3498 ca-

513 3547 677 3606 loremesse3
696 3559 749 3610 qua
768 3539 921 3594 recedente,
941 3553 1000 3588 cor-

513 3652 563 3707 ptis
575 3631 662 3699 friget·
679 3629 717 3680 Et
729 3631 759 3679 in
777 3639 869 3678 nonius
888 3627 944 3676 vita
958 3641 1002 3676 ιιι·

513 3726 612 3780 cessit.
625 3718 726 3773 scilicet
746 3714 849 3767 anima:
868 3723 899 3766 ut
917 3711 999 3768 alibi.

514 3823 610 3862 tersites
623 3821 761 3858 arcessere
778 3806 859 3853 nr'tus.
874 3801 926 3853 Ant
944 3799 998 3850 illus

513 3910 634 3952 sentitus.
654 3893 703 3963 qui
720 3893 833 3944 unimam
846 3890 939 3942 dicunt
954 3906 999 3959 pe-

514 3983 566 4041 rire
584 4001 642 4037 cum
660 3995 767 4053 corpore
784 4012 792 4035 .
810 3987 841 4030 ut
864 3976 998 4043 intelliga-

1058 1263 1130 1322 ptent
1142 1253 1320 1324 ‚frugiferae
1341 1253 1435 1304 Cereri
1448 1289 1455 1310 ‚
1466 1251 1549 1304 Pirae·

1055 1339 1160 1410 doque.
1175 1341 1310 1411 patrique
1334 1339 1421 1400 tyara
1434 1337 1549 1395 ‚lunoni

1054 1443 1117 1480 vero
1144 1439 1205 1480 aitte
1234 1443 1323 1480 ortanus
1352 1425 1545 1480 sacrificantem

1053 1514 1178 1569 inducit:
1198 1515 1290 1569 Cereri
1307 1515 1431 1569 videlicet
1447 1526 1478 1567 ut
1490 1513 1548 1566 iru-

1050 1617 1110 1668 gum
1121 1613 1234 1672 praeslct
1246 1599 1453 1664 fecunditatem
1464 1601 1545 1652 Pboo-

1051 1687 1086 1742 bn
1105 1690 1170 1758 quia
1190 1689 1335 1760 auspiciis.
1354 1700 1482 1760 utsupra
1502 1689 1543 1740 di-

1052 1779 1138 1830 xinnrs
1155 1791 1257 1850 prneest
1269 1816 1276 1836 ‚
1289 1777 1389 1848 quibus
1407 1777 1485 1831 urbes
1506 1798 1542 1832 re·

1052 1879 1166 1934 gontur3
1185 1869 1296 1934 Lyaeo.
1315 1867 1345 1918 id
1365 1878 1407 1921 est
1424 1867 1545 1925 Baccho.

1052 1953 1099 2024 qui
1121 1963 1150 2005 ut
1167 1953 1377 2022 insequentibus
1391 1955 1547 2010 docebimus

1055 2053 1116 2110 urite
1137 2040 1247 2093 urbibus
1265 2041 1398 2096 libertatis
1415 2045 1546 2097 estDens.

1055 2127 1131 2178 Unde
1152 2128 1265 2180 Messias
1285 2129 1343 2184 eius
1361 2131 1480 2184 minister
1506 2142 1550 2186 est

1056 2219 1082 2267 in
1092 2214 1248 2266 civitatibus
1266 2212 1397 2268 libertatis
1407 2214 1547 2267 iudicium·

1054 2305 1120 2358 Nun
1136 2302 1176 2354 dii
1192 2301 1238 2353 alii
1257 2301 1281 2354 si
1297 2301 1325 2354 in
1336 2300 1441 2356 urbium
1454 2305 1548 2374 primi-

1054 2397 1101 2449 tiis
1120 2395 1295 2448 innoeeutnr.
1314 2391 1348 2444 sd
1367 2392 1497 2462 privatam
1520 2394 1548 2445 id

1055 2482 1171 2552 pcrtinet
1188 2497 1302 2530 curuum.
1321 2480 1354 2531 Ur
1367 2479 1482 2532 ibidem:
1506 2485 1550 2534 ln-

1056 2569 1124 2618 noni
1141 2579 1207 2618 ursle
1223 2568 1373 2617 omnrscnt'
1389 2567 1481 2618 vissein
1500 2569 1549 2618 in-

1056 2655 1135 2728 gnliu
1159 2671 1253 2704 curan.
1277 2650 1402 2720 Quemvis
1420 2651 1490 2702 enirn
1509 2652 1547 2703 nui

1058 2763 1096 2814 ·p·
1113 2742 1216 2796 utilitas
1232 2741 1417 2797 simularetur,
1431 2751 1488 2794 erat
1509 2753 1548 2794 ta·

1056 2847 1114 2882 men
1133 2840 1160 2882 et
1179 2828 1302 2898 specialis
1327 2845 1406 2879 causa
1427 2825 1548 2880 Didonis.

1055 2919 1089 2970 Et
1111 2918 1254 2970 communis
1275 2913 1357 2968 babet
1372 2913 1418 2966 bic
1436 2930 1546 2966 seusus:

1055 3007 1238 3063 sacrificavit.
1259 3004 1349 3076 inquit
1364 3042 1371 3064 ‚
1388 3004 1474 3077 primo
1492 3021 1547 3056 nu·

1057 3093 1173 3148 minibus
1194 3130 1201 3150 .
1225 3108 1294 3162 qnae
1317 3089 1378 3144 urbi
1402 3100 1549 3162 praesnnt.

1057 3185 1133 3253 qussi
1157 3193 1239 3252 nupta
1264 3199 1311 3252 pro
1329 3179 1368 3232 rei
1384 3185 1421 3250 φ’
1440 3177 1546 3231 utilita-

1058 3282 1085 3323 te
1104 3291 1112 3334 ς
1131 3269 1227 3320 deinde
1250 3266 1345 3319 lunoni
1370 3301 1377 3322 ,
1401 3267 1444 3316 cui
1467 3280 1547 3316 curae

1057 3371 1120 3412 sunt
1134 3357 1254 3427 nuptiae·
1270 3353 1398 3408 Nonnulli
1410 3363 1496 3405 tamen
1511 3352 1547 3406 sl·

1059 3448 1113 3501 tius
1131 3445 1259 3500 seritinnt.
1283 3443 1348 3495 Nam
1373 3441 1493 3496 facturi.
1517 3459 1547 3492 a·

1057 3533 1137 3588 iunt.
1155 3529 1258 3600 aliquid
1274 3541 1336 3582 unte
1349 3529 1471 3581 universos
1487 3528 1547 3598 pla-

1056 3638 1144 3672 camus
1163 3619 1244 3673 deos.
1260 3627 1288 3670 el
1306 3617 1346 3668 sic
1361 3613 1493 3686 propitios
1507 3614 1548 3664 in-

1057 3723 1188 3756 vocamus·
1203 3705 1239 3756 Ut
1252 3705 1376 3775 :nigram
1396 3701 1480 3752 iriensi
1495 3719 1547 3770 pr·-

1054 3797 1149 3848 crninm
1163 3791 1436 3863 ‚chlurisselicibns
1446 3790 1534 3842 attam

1057 3887 1125 3950 lingo
1154 3883 1231 3937 modo
1260 3893 1345 3952 nuptu
1370 3881 1459 3950 plncat
1486 3889 1547 3930 ante

1054 3975 1172 4028 Cererem
1188 4009 1195 4030 .
1213 3989 1281 4043 qnae
1292 3979 1397 4043 psopter
1415 3970 1484 4019 idias
1503 3985 1543 4019 ra·
