3606 5356
656 689 918 740 ccccm.
1191 673 1269 777 439

281 845 595 932 Commota,suat
612 845 820 946 particulae
838 849 890 917 sic
910 868 1044 942 graece
1064 846 1181 922 dictae
1203 875 1297 954 quae
1383 951 1386 956 .

331 989 452 1037 nexae
454 963 607 1066 faciunt
622 967 757 1038 colam:
774 988 857 1035 nam
870 969 1061 1064 praecisus
1072 990 1195 1042 seruus
1208 993 1302 1044 com-

333 1111 392 1157 ma
415 1085 576 1171 dicum,
602 1099 642 1157 ut
662 1083 765 1185 apud
788 1083 840 1158 V
825 1089 1012 1182 lrgz'lium:
1038 1111 1143 1160 arma
1170 1093 1301 1163 virum·

332 1232 403 1309 que
427 1233 546 1294 carto,
572 1231 708 1280 comma
732 1221 807 1278 est:
835 1191 1074 1306 Italiamfalo
1092 1209 1300 1312 pmfitgus,

331 1329 414 1397 item
446 1351 583 1400 comrm
617 1338 697 1398 est:
732 1329 784 1399 sic
814 1351 1003 1428 quousque
1034 1335 1218 1427 perveniet
1252 1329 1304 1402 ad

330 1450 475 1544 plenam
495 1451 703 1518 sententiam
725 1459 765 1517 ut
789 1457 863 1532 est,
888 1449 1077 1549 laviruzque
1099 1454 1191 1521 venit
1212 1453 1303 1523 litto-

333 1590 399 1637 ra:
417 1565 519 1639 idest
537 1569 638 1638 inum
653 1553 745 1641 caio
762 1570 828 1668 qus
844 1569 936 1638 veno
954 1566 1005 1638 aa
1018 1571 1149 1640 uum
1168 1573 1300 1644 tuom.

283 1685 504 1787 Compedes,
526 1701 617 1790 puto
642 1691 757 1786 magis
778 1691 924 1784 generis
933 1687 1110 1786 feminini
1136 1713 1234 1776 esse,
1260 1706 1301 1763 ut

333 1805 384 1877 ad
405 1821 549 1880 catenas
575 1807 740 1906 referas:
772 1833 856 1879 nam
879 1807 1060 1908 pedicae,
1090 1808 1180 1881 idest
1205 1835 1301 1912 quae

328 1922 440 2024 pedes
463 1913 638 2024 capium,
662 1927 806 2020 generis
817 1923 991 2024 feminini
1013 1939 1104 1998 sunt.
1134 1927 1240 2000 Unde
1266 1942 1301 2000 et

331 2042 520 2141 compedes
543 2066 638 2144 quae
661 2039 860 2141 impeditust
884 2040 1020 2140 pedes,
1047 2057 1110 2113 mu
1137 2035 1300 2118 uranicae

331 2187 480 2236 reorum
496 2217 512 2247 ,
532 2161 714 2262 femmino
744 2159 818 2233 dici
844 2158 973 2232 debent
996 2185 1161 2256 genere.-
1190 2179 1299 2261 gratu

333 2285 507 2355 contituit
531 2279 725 2380 compede,
748 2279 927 2354 Horatius
950 2281 1046 2357 dicit.

285 2400 524 2486 Condictum,
547 2397 708 2472 absolzue
731 2398 931 2473 dicendum.

151 2588 155 2598 .
284 2521 461 2595 Condicta
488 2543 599 2606 vero,
624 2533 688 2590 aut
713 2517 789 2592 dies
812 2532 877 2590 aru
900 2523 1009 2595 locut.

284 2639 460 2714 Cucullus
474 2693 491 2724 ,
524 2651 576 2709 est
603 2641 748 2734 generis
780 2641 968 2712 masculini
985 2692 1001 2725 ,
1034 2651 1069 2710 et
1096 2637 1299 2714 declinatur

332 2760 496 2832 cucullus
512 2759 648 2831 cuczdli
669 2759 812 2830 cucullo
834 2760 1017 2830 cucullum
1036 2760 1177 2831 cuctdle
1195 2784 1219 2829 a
1240 2783 1301 2833 cu-

332 2881 452 2952 cullo:
480 2891 514 2948 et
532 2879 728 2978 pluraliter
752 2880 804 2951 sic
829 2876 1040 2950 declinatur.

284 2995 535 3081 conanum,
560 3000 819 3071 coruentionem
835 2993 988 3083 habent,
1007 2999 1062 3070 vel
1076 2997 1301 3098 prodoceut,

334 3121 388 3190 rel
414 3129 588 3190 assermn.

284 3235 479 3330 Corrigiae
507 3259 531 3304 a
562 3235 674 3307 coriis
703 3247 904 3320 vocamur,
930 3235 984 3306 vel
1011 3257 1034 3304 a
1065 3237 1301 3321 collectione,

335 3357 439 3456 quasi
466 3355 627 3448 colligae.

287 3474 435 3546 Culleus
450 3529 466 3558 ,
496 3497 632 3570 genere
661 3475 857 3546 masculino
885 3476 1064 3570 geminato
1097 3477 1129 3544 ·l·
1158 3471 1302 3548 dieitur.

335 3597 402 3668 Est
425 3610 545 3668 omem
566 3620 618 3667 eae
637 3599 739 3668 corio
751 3594 907 3694 saeuus,
931 3599 1064 3697 inquo
1087 3593 1301 3695 parricidae

336 3743 418 3791 cum
444 3687 602 3788 simaset
625 3719 724 3811 gallo
746 3729 780 3789 et
804 3727 969 3817 serpente
991 3718 1120 3789 inclusi
1137 3721 1176 3790 in
1199 3743 1300 3793 mare

333 3839 575 3938 proiciunucr.
601 3837 724 3908 Aliter
746 3830 1095 3939 praecipitabamur.

289 3954 482 4038 Catinam,
507 3979 566 4028 vus
577 3955 695 4055 fictile
716 3958 841 4027 melius
862 3969 990 4027 neutro
1018 3954 1169 4030 dicimus
1192 3981 1302 4058 quam

337 4079 556 4150 masculino:
577 4103 661 4150 nam
680 4090 715 4150 et
732 4080 884 4150 salinum
903 4075 1036 4150 dicitur
1055 4075 1167 4152 nihilo
1186 4081 1301 4152 minu
