3626 5344
551 635 612 722 ‚n

643 820 702 879 177·
722 802 760 856 lte
771 800 920 874 Cyparisso.

576 927 763 1050 Cyparissus
786 979 918 1051 speciosus
945 991 1010 1046 puer

545 1066 608 1118 dnru
627 1066 654 1117 io
672 1065 739 1117 silve
759 1074 913 1118 venaretur.
934 1063 960 1113 in
980 1081 1009 1113 u-

528 1155 639 1204 ·suore‘ur
650 1150 692 1204 sui
705 1151 851 1222 Apollinem
871 1149 1012 1220 compulits

544 1257 560 1289 a
575 1255 632 1305 quo
662 1236 765 1308 aceepit
789 1254 883 1290 munus
911 1253 1014 1288 cervum

545 1326 749 1399 pulcherrimum
776 1337 805 1379 et
832 1336 1013 1379 mansuetum:

542 1431 622 1484 qneur
632 1432 691 1466 enm
704 1414 839 1482 diligeret.
852 1416 935 1467 lassus
944 1431 1014 1468 soor·

547 1517 610 1554 unm
627 1499 679 1553 snb
693 1499 785 1554 arbore
799 1519 904 1573 corporo
916 1501 1014 1572 eoepit.

545 1585 640 1640 Subito
662 1588 795 1642 excitatus
819 1588 935 1660 strepitu
956 1605 1014 1641 eer-

544 1693 606 1729 ruur
620 1675 694 1742 longe
705 1675 775 1729 sidit
782 1695 792 1740 ι
804 1693 883 1746 quem
905 1677 1013 1731 eredens

543 1761 705 1818 silvestrem.
733 1762 811 1816 ruisse
840 1763 938 1831 rogim
955 1781 1014 1816 essm

545 1851 706 1905 interemit:
733 1852 876 1921 agnitoque
906 1853 936 1906 irs
954 1863 1014 1906 tuu-

546 1947 602 1990 tmu
619 1936 761 1995 extabuit.
772 1949 802 1992 ut
817 1938 851 1990 eb
868 1939 939 1992 omni
954 1938 1015 1993 cibo

545 2039 573 2079 et
592 2037 656 2096 potu
674 2025 829 2080 abstineret.
854 2029 913 2097 Quo
939 2027 1014 2082 tube-

547 2124 656 2168 scente.
674 2112 768 2184 Apollo
792 2113 915 2167 misertus
941 2115 1015 2168 eius.

546 2201 627 2253 venir
646 2216 706 2253 eum
725 2201 753 2252 io
772 2198 890 2254 arborem
910 2201 952 2253 sui
971 2219 1014 2254 uo-

547 2290 627 2342 niuis
646 2305 803 2360 supressum.

621 2425 680 2502 178.
701 2427 810 2484 lterutie
827 2429 943 2485 eiusdem

687 2517 800 2572 lubnlue.
821 2525 867 2589 (ι)

585 2621 732 2733 Silvanus
746 2677 811 2731 deus
820 2677 946 2731 silvorum
958 2681 1020 2732 udu-

552 2763 635 2818 msvit
653 2783 762 2836 puerum
781 2767 951 2838 Cyparissum
971 2787 1018 2820 no·

551 2853 621 2905 mine
632 2889 639 2911 .
652 2853 699 2924 qui
712 2853 828 2908 hubebut
841 2853 1019 2910 mansuetissi-

550 2959 619 2992 mum
638 2959 748 2996 cervum.
768 2944 841 2996 lione
859 2961 917 2995 cnm
936 2944 1020 2998 Silve-

553 3045 603 3080 ous
617 3027 719 3082 nescius
734 3029 889 3088 occidisset.
899 3049 962 3101 puer
975 3043 1017 3086 est

552 3115 686 3170 extinctus
704 3116 807 3171 dolore:
821 3137 899 3188 quem
917 3131 1018 3174 uruntur

553 3205 618 3258 deus
635 3206 664 3258 in
682 3223 831 3278 cupressum
845 3207 961 3262 erliorem
972 3228 1020 3263 no-

554 3293 635 3345 minis
653 3291 709 3346 eius
727 3293 866 3350 convertit.
892 3314 972 3366 quum
993 3317 1023 3350 e-

557 3379 622 3430 tium
640 3396 687 3448 pro
704 3379 801 3436 solutio
828 3381 941 3436 extincti
959 3401 1022 3454 por-

554 3476 610 3519 ture
632 3465 744 3518 dieitur.

661 3623 720 3681 sqq.
746 3609 784 3661 lle
811 3605 917 3682 Priapo.

592 3733 731 3855 Priapus
749 3805 808 3840 eum
835 3789 929 3842 loturo
949 3807 1025 3857 nym-

554 3872 637 3942 plnuo
666 3886 779 3957 emotum
809 3889 1025 3949 persequeretur.

580 3989 789 4056 (omfflbb

863 631 1230 704 MYTHOGRAPHUS

1068 804 1112 857 illu
1131 805 1238 866 deorrmr
1256 804 1421 858 miseratione
1441 803 1467 856 io
1487 819 1532 853 ur·

1067 891 1156 948 berem
1182 912 1255 948 versu
1283 904 1338 948 est.
1366 910 1435 962 quoe
1455 891 1531 958 rnlqo

1068 979 1128 1032 toln
1147 981 1251 1050 syriaco
1270 981 1378 1034 dieitur.

1073 1154 1127 1209 180.
1140 1154 1329 1248 DeAleiope'et
1340 1156 1476 1224 llereysso.
1492 1153 1531 1224 (ul
1581 1207 1584 1214 ,

1107 1275 1245 1402 Aleiope
1264 1329 1379 1402 nymphe
1402 1347 1436 1382 ex
1460 1345 1536 1381 enine

1069 1419 1182 1490 Cephiso
1200 1420 1355 1488 Nureyssunr
1371 1409 1534 1489 proe'reurit.

1070 1511 1112 1560 eui
1122 1507 1240 1560 Tiresias
1249 1506 1337 1558 omnin
1353 1523 1475 1577 prospero
1485 1503 1537 1574 pol·

1068 1593 1162 1647 licitus
1171 1603 1229 1650 est.
1243 1593 1266 1646 si
1277 1589 1469 1663 pulchritudini
1483 1599 1537 1642 ten·

1071 1691 1128 1734 tuus
1146 1697 1209 1732 seue
1228 1697 1280 1731 uon
1298 1679 1364 1732 odeo
1383 1675 1535 1730 confideret.

1070 1767 1145 1820 lluue
1166 1767 1247 1833 igitur
1267 1767 1338 1820 Echo
1357 1767 1410 1819 liliu
1430 1763 1538 1816 lunonis

1070 1867 1128 1906 curu
1147 1854 1288 1922 diligeret.
1306 1864 1334 1906 et
1356 1857 1398 1906 sni
1418 1849 1539 1930 potiendi

1070 1939 1139 1992 vium
1159 1959 1210 1994 non
1230 1941 1377 1997 inveniret.
1393 1957 1479 1990 eruore
1500 1939 1539 1989 iu·

1071 2031 1163 2086 renis.
1190 2046 1267 2098 quern
1286 2027 1409 2080 extremis
1429 2025 1537 2079 vocibus

1071 2117 1210 2186 fugientem
1230 2114 1435 2187 persequebatur
1445 2148 1452 2168 .
1464 2123 1540 2164 ests·

1070 2204 1140 2256 buit.
1168 2203 1251 2256 Cuius
1272 2203 1298 2254 iu
1318 2201 1431 2272 lapidem
1452 2217 1540 2254 versae

1069 2300 1096 2344 et
1115 2289 1141 2341 in
1156 2289 1289 2343 montibus
1303 2285 1471 2339 absconditae
1485 2303 1541 2337 vox

1071 2387 1174 2430 tuntum
1185 2377 1336 2429 auditurld
1344 2388 1431 2426 rouren
1440 2375 1465 2428 ei
1477 2373 1543 2426 rreei·

1072 2468 1114 2520 dit
1129 2467 1236 2520 lunonis
1251 2463 1476 2534 instinetrr.quod
1490 2481 1544 2531 gur·

1073 2553 1181 2608 rulitute
1199 2572 1246 2606 suu
1256 2573 1312 2606 eum
1323 2571 1401 2624 suepe
1409 2563 1475 2607 esset
1490 2571 1543 2604 ruo·

1074 2660 1141 2704 ratu.
1152 2665 1185 2700 ue
1195 2648 1279 2699 lovem
1294 2646 1319 2698 in
1331 2641 1463 2698 numtibus
1476 2663 1545 2712 nqrn-

1074 2733 1140 2807 plms
1169 2743 1365 2804 persequentem
1395 2728 1541 2801 depreben-

1073 2823 1135 2876 dere
1154 2832 1252 2892 posset.
1272 2819 1314 2871 Ob
1329 2821 1353 2871 id
1366 2820 1446 2872 etium
1462 2821 1544 2872 lentur

1073 2911 1109 2966 ob
1127 2910 1322 2964 delorruitoteus
1337 2908 1473 2962 urentibus
1491 2927 1547 2962 esse

1075 2993 1228 3058 recondite.
1247 3004 1348 3072 nequid
1367 3004 1424 3056 eins
1445 3009 1547 3070 praeter

1075 3107 1163 3143 vocem
1183 3090 1299 3161 eouspiei
1321 3090 1410 3161 possit.
1437 3089 1549 3154 Nureys·

1078 3187 1238 3229 sumentem
1258 3177 1441 3246 supradictum
1452 3171 1487 3226 ob
1507 3171 1550 3223 ni·

1081 3267 1158 3318 mium
1179 3265 1374 3336 despectionem
1393 3274 1421 3315 et
1440 3260 1551 3314 creduli·

1083 3363 1165 3408 telem
1177 3389 1184 3409 .
1198 3371 1277 3422 quum
1299 3369 1325 3403 ιιι
1345 3351 1416 3404 lirlro
1434 3363 1551 3401 exerceo

1084 3454 1142 3498 rut.
1169 3441 1306 3498 Nemesis.
1327 3441 1354 3492 id
1381 3448 1421 3490 est
1445 3434 1551 3488 lortuuu

1084 3529 1164 3581 ultrix
1179 3525 1391 3582 fastidientium.
1404 3527 1553 3576 instruerem

1084 3616 1127 3668 sui
1147 3615 1289 3684 compulit.
1304 3625 1334 3666 ut
1349 3631 1400 3664 uou
1417 3611 1510 3662 minori
1525 3629 1555 3661 oe

1086 3703 1130 3756 illu
1149 3711 1308 3754 exureretur·
1325 3699 1377 3766 (lui
1389 3715 1446 3749 enm
1466 3715 1495 3748 es
1512 3715 1551 3747 ss·

1085 3791 1162 3847 sidus
1177 3782 1334 3856 litigatione
1352 3785 1502 3839 sonastionis
1520 3785 1556 3834 iu·

1086 3877 1237 3934 xtalootem
1246 3875 1442 3949 procubuisset.
1454 3882 1481 3925 et
1492 3869 1557 3923 hun·

1072 3988 1562 4058 (ηᾞὼωῇώηώπὴωμ
