3546 5330
539 667 543 678 '
616 684 775 746 morcui
793 685 836 734 rx
855 684 962 734 rome
1191 667 1263 758 421

290 869 342 926 rer
361 853 493 928 detinet
512 910 522 942 ‚
542 855 759 928 stomachum
774 850 981 928 dissolutum
999 852 1155 954 stringit:
1169 853 1300 930 riscida

284 989 320 1045 et
339 972 558 1046 constrictius
577 988 659 1046 sunt
680 973 873 1044 immatura.

344 1117 389 1165 ro
416 1088 628 1190 Zeziparum
647 1087 800 1163 calidum
819 1104 869 1160 est
892 1145 902 1176 ,
927 1091 1144 1163 stomachum
1163 1107 1298 1188 gravat,

284 1211 380 1284 sitim
407 1227 521 1284 movet
538 1241 547 1286 ε
565 1209 792 1284 veterrimum
809 1210 947 1282 urinam
967 1226 1089 1284 movet.
1103 1210 1202 1284 Folia
1222 1211 1297 1284 eius

287 1329 369 1402 trita
389 1356 472 1404 cum
490 1329 602 1428 pomis
623 1346 657 1402 et
675 1329 757 1403 rino
773 1329 870 1427 posui
885 1329 964 1402 dato
982 1331 1028 1430 (a)
1045 1330 1242 1430 spleneticis
1262 1347 1298 1404 et

288 1450 494 1550 hydropicis.

346 1596 386 1641 11
421 1567 531 1643 Sorba
557 1587 592 1643 et
623 1570 801 1670 praecocia
828 1596 929 1669 poma
955 1597 1079 1644 eorum
1104 1570 1236 1644 viscida
1259 1589 1294 1644 et

285 1691 503 1764 constrictira
523 1707 613 1767 sunl.

345 1836 389 1882 12
417 1808 587 1883 Ficorum
604 1827 729 1885 natura
749 1811 954 1886 calidissima
975 1829 1034 1888 est.
1053 1810 1158 1886 Aridi
1177 1813 1297 1885 hume·

285 1945 382 2002 etant
410 1945 444 2001 et
467 1929 674 2004 deducunt:
698 1929 900 2003 humectant
919 1930 1095 2030 quidem,
1121 1930 1204 2030 quia
1221 1930 1298 2030 pin·

286 2048 348 2144 gui
374 2075 459 2122 suco
484 2063 595 2142 sunt3
622 2047 830 2121 calefaciunt
855 2065 972 2121 autem
997 2064 1137 2148 propter
1163 2039 1298 2124 sucum.

281 2164 445 2264 Egeritur
472 2166 576 2238 etiam
601 2164 750 2238 dulcedo
779 2191 923 2240 eorum.
943 2164 1058 2238 Primi
1087 2191 1211 2242 eorum
1235 2168 1299 2268 qui

282 2287 415 2361 fuerint
438 2341 448 2374 ‚
474 2285 616 2383 pessimi
635 2301 717 2358 sunt
735 2301 875 2384 propter
894 2285 1048 2358 nimium
1065 2311 1198 2362 sucum.
1221 2282 1298 2360 Sic·

284 2407 320 2478 ci
345 2404 546 2480 calidissimi
572 2420 655 2476 sunt
678 2460 687 2493 ,
714 2405 775 2476 sed
802 2419 1001 2502 egeruntur.
1023 2401 1128 2476 Coeti
1151 2403 1190 2476 in
1209 2433 1299 2507 aqua

283 2552 366 2600 oum
384 2524 531 2624 hyssopo
552 2522 671 2596 omnia
688 2522 897 2623 pulmonum
919 2523 1002 2597 vitia
1026 2548 1109 2597 cum
1128 2540 1220 2600 lusse
1240 2553 1299 2601 cu·

282 2665 371 2723 rant.
391 2647 486 2723 Triti
513 2674 597 2722 cum
624 2647 763 2739 melle,
791 2648 1045 2724 carbunculum
1065 2665 1198 2726 curant.

341 2770 386 2843 13
413 2765 491 2841 Uva
511 2766 621 2840 calida
641 2781 692 2840 est
712 2783 746 2840 et
764 2767 936 2857 humida,
956 2767 1208 2866 redegerim,
1229 2793 1299 2844 ma·

282 2887 375 2959 xime
401 2901 519 2958 tamen
546 2884 655 2960 alba:
686 2911 774 2984 quae
802 2901 919 2958 autem
939 2885 1112 2968 inmatura
1138 2901 1215 2976 est,
1235 2886 1299 2959 mi·

286 3033 354 3080 nus
376 3004 532 3080 calefacit
549 3033 561 3099 3
581 3002 641 3076 scd
661 3021 817 3078 mustum
836 3020 975 3078 tantum
995 3006 1044 3105 (h)
1065 3020 1197 3106 purgat.
1217 3004 1299 3080 Pas-
1331 3084 1334 3090 ,

286 3154 321 3199 sa
341 3153 422 3198 vero
442 3151 509 3199 uva
529 3123 681 3222 egeritur
700 3122 845 3224 quidem
864 3179 874 3213 ,
894 3122 955 3196 sed
975 3123 1097 3201 exurit.
1107 3123 1298 3200 Enucleata

290 3245 436 3347 quidem
464 3243 545 3316 trita
572 3268 656 3316 cum
681 3243 820 3342 cymino
848 3269 968 3316 omnes
996 3243 1243 3342 indigestiones
1267 3263 1303 3319 et

292 3384 444 3440 tumores
463 3364 696 3438 verendorum
722 3363 792 3436 sive
820 3361 1048 3437 carbunculos
1069 3365 1176 3440 curat.
1247 3427 1249 3432 ,

345 3490 392 3582 14
420 3481 613 3558 Mororum
630 3507 734 3582 poma
747 3483 791 3556 ad
804 3509 965 3582 praesens
985 3483 1031 3582 le)
1047 3482 1223 3556 stomacho
1237 3483 1305 3557 uti-

287 3606 365 3696 lia,
393 3633 435 3679 eo
462 3604 556 3704 quod
582 3605 796 3702 refrigerant.
819 3600 925 3698 Quod
945 3603 975 3678 si
993 3603 1080 3678 alins
1108 3604 1207 3679 cibus
1232 3630 1307 3698 non
1388 3697 1391 3704 Ι

289 3726 541 3825 superveniat,
569 3725 787 3799 inaeiscunt.
815 3723 875 3798 Fit
902 3751 944 3798 ex
971 3751 1056 3799 suco
1082 3723 1173 3797 mori
1198 3723 1306 3799 medi-

292 3869 418 3916 camon
438 3841 629 3918 mirificum
648 3860 768 3916 contra
788 3842 906 3916 omnia
925 3842 1008 3917 vitia
1028 3841 1116 3933 oris,
1130 3841 1307 3933 saucium,

323 4036 362 4099 ιι)
380 4035 664 4096 Cod.1.pura‚8.pora.
693 4034 927 4099 (mendis-eorum.
955 4032 994 4100 (e)
1010 4039 1069 4082 llum
1087 4049 1128 4095 pro
1141 4028 1310 4093 praesertim!
