3666 5338
736 654 862 722 unm
885 653 928 720 11.
1276 655 1320 743 45

338 827 395 901 qui.
404 837 437 880 ut
448 822 541 878 tabula
552 819 652 876 habet.
671 818 735 871 tium
747 833 806 870 oon·

336 927 473 986 tmpoem
491 909 631 966 mnan.
648 905 706 959 eiua
717 893 805 976 am'pn-

338 1011 378 1054 tat
391 1001 476 1058 vitea.
492 1015 571 1053 crura
584 1013 633 1049 sua
647 991 752 1048 incidit.
767 993 804 1046 Re

338 1101 426 1143 autem
454 1105 518 1142 vera
548 1081 692 1138 abstemius
722 1079 773 1133 luit
797 1115 805 1137 .

337 1194 404 1246 quoe
421 1185 526 1230 onustat
544 1169 652 1224 aniona
675 1183 731 1220 ease
753 1183 804 1218 ua-

337 1275 430 1326 tnraer
453 1259 631 1332 quodetiam
649 1271 666 1306 a
692 1255 801 1308 Demoa-

338 1352 417 1406 tltene
434 1351 537 1405 dietum
554 1357 606 1400 ert·

446 1525 504 1589 rol·
524 1523 669 1577 mimae.

375 1645 527 1756 Minerva
566 1697 616 1750 dea
654 1694 803 1767 sapientiae

336 1792 478 1846 multorum
497 1787 628 1841 inventrix
653 1781 707 1836 luit
729 1782 803 1849 inge·

338 1883 452 1938 niorum.
468 1877 540 1930 liaeo
549 1891 642 1944 graece
655 1872 753 1933 ‘asam
764 1873 805 1926 di·

335 1971 422 2029 citur.
442 1967 514 2040 apud
525 1964 634 2019 Latinos
646 1973 733 2017 autern
749 1963 805 2016 liii-

332 2077 427 2114 nerva.
445 2055 523 2126 quasi
537 2070 629 2106 manua
643 2050 739 2102 artium
760 2067 805 2102 vo·

336 2147 398 2200 riae·
417 2143 481 2197 ideo
495 2151 584 2196 autem
603 2137 744 2208 decapite
762 2136 803 2189 io·

341 2232 382 2286 rie
396 2230 498 2284 dieitur
509 2244 565 2282 esee
575 2239 653 2281 natu.
672 2227 737 2297 quia
746 2245 803 2281 sen·

335 2336 382 2372 aua
399 2317 540 2388 sapientia,
557 2315 608 2384 qui
626 2315 729 2368 invenit
746 2333 802 2368 orn-

336 2405 402 2461 nia,
428 2403 457 2456 in
484 2403 572 2474 eapite
598 2415 650 2457 est.
680 2401 751 2455 Haeo
775 2413 803 2457 el

336 2493 461 2548 Tritonia
471 2492 579 2550 dicitur,
592 2494 656 2563 quia
667 2493 737 2546 eirca
746 2493 804 2546 Tri·

337 2583 441 2638 tunium
449 2580 643 2652 lacumdieitur
652 2583 804 2653 apparuisse

339 2671 368 2724 in
385 2667 511 2738 virginali
529 2679 628 2723 aetate.
647 2669 734 2722 Pollae
753 2687 803 2722 au-

337 2769 389 2812 tem
414 2755 505 2810 eadem
531 2765 571 2810 ert
590 2753 683 2814 diota.
709 2755 750 2808 vel
769 2755 803 2808 ah

336 2843 423 2898 insula
440 2842 559 2900 Pallene.
579 2841 680 2910 inqua
700 2843 804 2895 nutrito

339 2943 394 2994 αις
413 2931 454 2985 rel
465 2931 515 2986 riri
527 2934 571 2985 rori
582 2931 701 2988 πάλλειν,
721 2929 749 2980 id
763 2939 804 2982 ert

339 3014 375 3069 alr
387 3017 478 3071 hastae
492 3019 659 3080 incursione5
678 3017 718 3070 vei
730 3015 803 3086 quod

335 3103 480 3160 Pallantem
498 3105 628 3173 gigantem
646 3105 755 3159 oecidit.

380 3275 440 3336 125.
457 3275 581 3333 niunden
600 3290 628 3333 et
645 3281 777 3349 Marsyae.

374 3398 527 3514 Minerva
541 3452 632 3508 eadem
645 3470 676 3508 ex
689 3471 746 3509 oeae
764 3455 804 3508 ti-

336 3540 395 3596 blaa
415 3541 534 3598 invenit,
553 3557 612 3593 cunr
630 3540 728 3614 quihus
746 3557 805 3593 eum

338 3628 368 3682 in
386 3629 510 3686 convivio
523 3629 631 3682 deornm
649 3627 805 3687 oeeinialet.

336 3715 448 3787 eiusque
457 3717 693 3772 tumentesbuccoa
703 3717 743 3770 dii
752 3735 804 3771 om·

338 3823 384 3860 noe
408 3805 573 3864 irruissent.
589 3805 634 3858 illa
658 3805 692 3857 ad
711 3805 803 3860 Trito-

338 3896 411 3949 niam
421 3895 542 3968 paludem
555 3911 678 3965 pergem,
695 3893 722 3948 in
734 3912 803 3966 aqua

338 3983 431 4041 laeiem
450 4001 524 4039 auam
546 3983 680 4056 speculata
700 3993 758 4050 αις
777 3995 804 4038 et

861 817 925 869 dum
938 817 1027 890 turpia
1040 815 1218 872 adiudaoauet
1233 813 1328 872 bunna·

861 921 919 956 rum
950 905 1085 959 inflamina
1107 941 1115 964 .
1143 903 1225 960 tibiae
1252 907 1326 960 iecit·

859 991 963 1063 Quibus
983 995 1102 1064 Marsyas
1120 995 1247 1067 repertis.
1264 995 1326 1050 doo-

859 1080 912 1133 tior
929 1077 1032 1138 laetua.
1051 1080 1199 1154 Apollina-
1223 1097 1326 1136 eoooer·

859 1179 964 1222 taturus
986 1169 1020 1222 de
1044 1171 1168 1226 oantilma
1197 1187 1327 1245 promea·

858 1255 916 1316 altr
935 1267 963 1309 et
973 1255 1051 1311 ambo
1063 1257 1228 1314 sibialiam
1239 1275 1326 1328 wem

856 1341 1112 1414 iudicemdeligunle
1131 1349 1207 1404 euius
1227 1349 1327 1404 iudicio

855 1433 976 1503 Marsyas
993 1433 1081 1490 victua
1097 1455 1195 1510 pnenaa
1213 1438 1324 1511 pendit.

858 1537 889 1573 ae
906 1539 1046 1594 suspensus
1065 1533 1093 1578 et
1114 1526 1261 1583 carnilatria.
1279 1541 1328 1579 ua-

857 1627 911 1680 qne
936 1612 972 1665 ad
1000 1629 1090 1668 nerem
1113 1611 1267 1668 verberibus
1291 1611 1327 1666 ab

860 1711 891 1748 eo
909 1708 949 1750 est
967 1713 1073 1754 caesum
1092 1709 1121 1756 et
1139 1711 1244 1754 tantum
1262 1717 1326 1755 aan-

860 1785 949 1850 guinis
968 1785 1010 1838 aui
1031 1784 1118 1840 lruum
1137 1799 1196 1848 eat.
1218 1799 1250 1844 ut
1268 1789 1327 1844 lona

863 1869 925 1924 inde
938 1883 1102 1936 uaaeeretnet
1122 1875 1198 1930 cuiue
1210 1875 1326 1932 luvena-

861 1960 895 2016 lie
922 1961 1042 2016 meminit
1060 1961 1151 2016 dicens
1176 1979 1226 2016 eeu
1246 1965 1327 2017 Mar*-

860 2071 907 2118 εγω
926 2053 1024 2103 victua.
1044 2049 1235 2110 Aliitradnne.
1252 2053 1327 2123 quod
1411 2091 1418 2110 .

861 2136 1009 2210 nymphae.
1024 2135 1176 2207 satyrique,
1191 2137 1326 2210 ceterique

859 2228 928 2280 ruris
940 2225 1039 2281 incolae
1047 2227 1075 2280 in
1083 2235 1187 2282 tantum
1194 2227 1327 2298 Marsyam

856 2326 975 2386 aatprum
999 2317 1062 2370 lietu
1087 2315 1220 2388 prosecuti
1241 2325 1325 2375 sont.

858 2407 931 2478 quod
941 2407 998 2460 eiua
1008 2417 1089 2460 cantu
1100 2405 1211 2461 carituri
1225 2417 1326 2466 natent.

860 2507 891 2550 ut
916 2515 949 2549 ea
977 2493 1092 2548 lacrimis
1113 2510 1203 2547 eorum
1230 2493 1327 2548 flumen

860 2585 989 2641 ereverit.
1011 2583 1084 2654 quod
1108 2583 1230 2654 Marsyae
1255 2583 1327 2636 dici·

861 2683 912 2727 tur·
926 2672 1040 2742 Quidam
1054 2671 1162 2728 dieunt.
1176 2670 1278 2724 Midam
1287 2685 1326 2724 to·

859 2777 916 2830 gem
929 2777 980 2814 non
994 2769 1064 2811 recte
1078 2757 1225 2822 iudicamur
1242 2767 1270 2812 et
1287 2753 1323 2812 ob

860 2845 889 2900 id
905 2863 980 2900 aures
997 2843 1154 2898 ciminium
1173 2841 1207 2896 ab
1223 2841 1327 2916 Apolli-

860 2951 893 2986 ne
911 2932 1060 3004 deputatas·
1079 2929 1129 2986 Sed
1148 2931 1198 2986 hoe
1215 2929 1291 2986 aliae·

863 3101 919 3161 no
939 3103 1029 3176 Priapi
1047 3115 1075 3159 et
1092 3105 1174 3159 uiua
1186 3101 1325 3177 nymphae.

894 3223 1004 3335 Letoa
1039 3279 1155 3352 nympha
1191 3275 1322 3350 quaedum

862 3369 927 3428 luit.
946 3385 1026 3439 quam
1045 3384 1105 3420 enm
1117 3377 1232 3422 amatam
1249 3367 1320 3421 Pria·

858 3476 908 3530 pua
926 3459 1126 3526 insequeretur.
1154 3455 1199 3509 illa
1217 3453 1326 3510 deorum

859 3545 1028 3600 minoratione
1054 3545 1081 3598 in
1106 3543 1223 3600 arborem
1251 3560 1327 3600 versa

859 3645 919 3692 eat,
937 3650 1007 3703 quae
1034 3631 1112 3700 vulgo
1131 3629 1194 3684 laba
1223 3631 1327 3701 ayriaoo

860 3721 967 3774 dicitur.
982 3719 1033 3772 sed
1048 3718 1102 3790 ipae
1114 3717 1224 3791 Prlupua
1234 3717 1326 3790 pullus

859 3819 899 3862 eat
917 3806 950 3860 do
964 3809 1106 3878 Lampsaco
1124 3805 1235 3861 civitate
1248 3823 1326 3877 prop·

860 3906 901 3950 ter
924 3893 1008 3948 virilia
1030 3893 1140 3946 membri
1163 3893 1327 3964 magnitudi-

859 4001 925 4040 nem·
946 3984 1040 4039 Postea
1059 3982 1241 4039 innumerum
1260 3983 1322 4036 dno-
