3638 5332
516 702 579 792 372

488 875 548 932 lori
564 871 663 927 bellum
682 871 807 928 inferens:
820 891 874 947 quo
892 874 979 932 freto.

493 963 567 1022 Iovis
585 963 695 1016 fulmine
713 979 851 1034 percussus
868 974 925 1017 este
936 980 981 1014 cu-

488 1053 531 1106 ius
543 1049 671 1120 insumite
680 1049 805 1104 memorie
815 1061 846 1104 ut
859 1049 888 1102 in
898 1059 979 1102 neter-

497 1159 562 1195 num
580 1151 697 1194 maneret
716 1175 724 1200 .
742 1138 842 1192 dicitur
868 1138 948 1192 hodie
969 1171 977 1194 0

500 1230 547 1284 illo
565 1239 681 1299 tempore
693 1245 747 1298 quo
761 1226 831 1280 ierus
840 1237 882 1280 ese
891 1263 898 1284 .
908 1225 980 1298 prui-

496 1315 538 1370 nis
556 1313 712 1370 ardentibus
729 1314 821 1366 fluere.

635 1483 693 1560 159
703 1487 743 1541 De
759 1485 854 1540 denen·

500 1699 633 1813 Aeaeus
650 1750 720 1804 filius
738 1749 809 1803 ioris
827 1758 855 1801 et
866 1745 982 1814 Aeginae

498 1857 558 1893 enm
568 1839 713 1912 Asopidaru
723 1839 833 1892 insulem
843 1837 982 1893 incoleret.

500 1942 529 1986 et
547 1949 651 1999 gravem
674 1929 852 2002 pestilentiam
871 1924 982 1979 Iunonis

499 2020 540 2074 irr
557 2021 719 2077 sustineret.
738 2016 860 2091 precihus
878 2014 982 2068 miseri·

499 2108 619 2162 cordium
635 2107 707 2162 Iovis
726 2101 894 2176 impetravit·
916 2101 983 2156 cun

498 2197 570 2250 enim
581 2197 609 2248 in
618 2194 712 2250 urbere
721 2193 765 2247 fici
776 2191 896 2247 formicas
906 2189 984 2242 idest

501 2283 635 2358 μυρμέιας
653 2281 786 2336 vidisset,
803 2277 907 2350 optavit
930 2274 984 2329 sihi

499 2381 542 2426 tos
554 2370 638 2426 soeior
651 2371 756 2424 evenire
767 2385 774 2417 ε
794 2376 822 2420 et
834 2363 925 2418 statim
935 2361 986 2417 ior·

501 2458 586 2512 micae
604 2459 633 2510 in
650 2455 769 2511 homines
785 2471 876 2509 verone
893 2462 957 2506 sunt
976 2488 984 2510 ,

392 2585 395 2596 .
502 2546 575 2601 unde
602 2546 670 2600 dieti
697 2555 761 2598 sunt
785 2541 985 2613 Myrmidones.

500 2633 559 2688 Idne
570 2645 659 2688 nutem
669 2631 774 2686 iuhuire
786 2643 849 2686 sunt
856 2650 866 2695 3
877 2631 924 2684 red
937 2644 985 2684 vs-

501 2739 559 2774 rurn
571 2732 611 2776 est
623 2719 801 2789 Myrmidones
815 2716 902 2773 dictos
914 2735 929 2768 u
942 2734 986 2770 re·

503 2827 534 2887 ge
550 2808 726 2880 Myrmidono.

562 2983 623 3042 160.
632 2985 672 3038 De
682 2983 758 3038 Peleo
769 2993 797 3036 et
806 2979 933 3036 Thetide

502 3195 599 3312 Cum
617 3251 739 3327 luppiter
753 3253 831 3308 vellet
846 3250 986 3306 Thetidem

502 3343 679 3417 nympharum
693 3353 803 3396 mortem
823 3340 937 3398 ducere.
950 3340 986 3392 ir-

501 3442 531 3487 tr
548 3429 742 3503 prohibuerunt
758 3467 766 3488 ‚
783 3447 814 3484 eo
833 3427 907 3499 quod
923 3446 988 3499 pro·

501 3521 539 3574 les
555 3537 625 3592 quae
643 3531 809 3576 nasceretur.
826 3518 913 3574 Iovem
927 3533 985 3584 reg-

501 3628 536 3664 nu
554 3607 669 3680 pelleret.
688 3605 808 3676 luppiter
831 3613 986 3657 autemeam

502 3697 593 3751 iunxit
611 3697 697 3750 Peleo.
708 3695 798 3749 Peleus
816 3693 898 3762 igitur
912 3693 985 3746 The-

500 3787 584 3840 tide-m
609 3785 707 3836 ducens
733 3781 900 3849 magnifieum
921 3779 985 3834 feeit

501 3872 651 3929 convivium
671 3870 729 3923 diis
737 3880 765 3923 et
780 3868 881 3924 deabus
897 3869 985 3924 omni-

850 721 1101 777 munoennrffl
1125 726 1162 774 11.

1032 870 1094 926 bus.
1107 873 1167 928 Sole
1188 872 1324 928 discordie
1343 875 1453 928 minime
1472 873 1517 927 in·

1034 959 1159 1015 troductr
1171 972 1233 1016 est.
1249 981 1318 1034 qure
1334 961 1369 1017 oh
1382 963 1432 1016 hoe
1449 963 1519 1016 irute

1033 1064 1141 1100 aureum
1155 1067 1260 1119 pomum
1279 1050 1391 1105 iactaris
1410 1050 1440 1102 in
1452 1067 1519 1103 eon-

1033 1133 1134 1188 virium
1152 1135 1220 1189 inser
1233 1137 1362 1190 Venerem
1380 1147 1408 1188 et
1423 1137 1519 1190 Miner·

1032 1239 1094 1276 vem
1110 1233 1140 1277 et
1159 1223 1285 1301 lunonem
1309 1225 1364 1281 ,in
1386 1242 1440 1294 quo
1460 1232 1518 1276 erat

1034 1311 1180 1383 seriptum:
1198 1312 1405 1383 pulcherrimum
1419 1313 1519 1366 donum

1034 1399 1225 1474 pulcherrimae
1244 1401 1318 1455 dere·
1332 1401 1387 1456 Illis
1405 1401 1474 1456 inter
1491 1419 1520 1456 se

1035 1488 1198 1546 ineuntibus
1216 1509 1287 1562 ques
1309 1503 1376 1546 esset
1395 1493 1520 1564 pulcher·

1035 1577 1102 1632 rime
1117 1617 1124 1638 ,
1142 1591 1171 1633 et
1195 1581 1240 1632 eui
1261 1599 1366 1652 pomnnr
1390 1581 1450 1634 duri
1472 1569 1521 1634 de-

1035 1665 1124 1725 beret.
1143 1669 1218 1722 Puris
1237 1667 1307 1723 filius
1324 1669 1423 1724 Priami
1441 1671 1520 1724 iudex

1040 1754 1221 1809 intromissus.
1233 1755 1342 1810 formam
1352 1757 1464 1812 Veneris
1477 1759 1521 1810 iu·
1556 1793 1562 1806 0

1038 1841 1103 1895 noni
1112 1853 1142 1895 et
1155 1841 1291 1898 Minervae
1300 1842 1463 1915 praeferens.
1476 1861 1523 1895 uu·

1037 1945 1110 1981 reum
1131 1947 1236 1999 pomum
1261 1932 1313 2001 ipsi
1340 1915 1489 1984 uindicrvit
1512 1964 1521 1980 .

1038 2019 1116 2072 Unde
1136 2031 1163 2073 et
1182 2031 1273 2092 postea
1291 2021 1403 2074 Veneris
1422 2019 1522 2073 anxilio

1039 2105 1160 2178 Spnrtum
1181 2108 1379 2179 expugnando.
1397 2106 1523 2160 Helenam

1039 2197 1145 2268 rapuit·
1158 2198 1209 2250 Sed
1226 2209 1333 2270 propter
1355 2196 1461 2250 Paridis
1479 2197 1523 2248 iu-

1040 2287 1140 2341 dicium
1153 2287 1220 2341 iuno
1232 2305 1332 2359 semper
1350 2298 1443 2359 postea
1452 2287 1521 2340 Tro-

1038 2377 1109 2431 iunis
1128 2378 1237 2430 inimico
1259 2378 1332 2431 suit·
1352 2377 1453 2431 Gemuit
1473 2393 1524 2430 nu-

1039 2476 1093 2518 tem
1111 2464 1205 2518 Thetis
1223 2483 1257 2520 er
1277 2465 1352 2519 Peleo
1375 2464 1523 2530 Achillem

1041 2552 1074 2606 de
1087 2554 1163 2608 euius
1180 2565 1264 2608 morte
1283 2571 1341 2605 ennr
1355 2553 1479 2612 timeret,
1494 2569 1526 2607 eo

1040 2644 1113 2713 quod
1130 2661 1145 2696 r
1162 2653 1240 2715 petre
1255 2653 1323 2697 esset
1343 2645 1476 2702 mortuiis,
1496 2655 1525 2697 et

1035 2732 1100 2785 haee
1111 2742 1264 2802 quereretur
1274 2731 1346 2803 apud
1355 2733 1524 2808 Neptunum

1041 2820 1180 2891 Neptunus
1205 2821 1248 2872 or'e
1273 2837 1326 2872 nou
1345 2835 1401 2872 esse
1426 2818 1524 2874 timeu-

1041 2906 1105 2959 durn
1127 2905 1162 2958 de
1181 2922 1236 2964 eo.
1254 2906 1319 2975 quin
1339 2904 1401 2958 tuiis
1419 2903 1525 2960 iuturus

1039 3003 1128 3051 esset.
1147 3003 1178 3046 ut
1196 2991 1319 3046 credatur
1332 2991 1388 3047 Deo
1408 2993 1524 3060 genitus.

1038 3077 1132 3132 Thetis
1158 3089 1246 3132 tanen
1273 3077 1328 3132 fatu
1350 3076 1462 3134 Achillis
1484 3080 1525 3132 ei-

1041 3183 1134 3226 mens,
1153 3182 1211 3220 eum
1231 3165 1260 3219 in
1277 3166 1392 3236 stygium
1402 3166 1525 3238 paludem

1041 3254 1124 3308 tinxit
1135 3290 1143 3312 ‚
1155 3253 1227 3307 unde
1241 3263 1299 3308 toto
1317 3271 1424 3325 corpore
1441 3253 1527 3310 invul-

1040 3341 1525 3414 nerubilissuit‚exeeptotuloqui(r)

1041 3433 1138 3483 matris
1155 3449 1238 3485 manu
1256 3434 1413 3483 tenebatur.
1423 3431 1474 3482 Sed
1485 3429 1525 3484 A·

1042 3519 1133 3574 chilles
1153 3523 1223 3574 eirea
1246 3537 1333 3574 muros
1350 3519 1447 3573 Troiae
1466 3518 1526 3573 bel·

1041 3610 1096 3662 lnm
1114 3627 1218 3678 gerens.
1234 3627 1293 3661 eum
1312 3608 1410 3660 fureres
1429 3607 1524 3661 adser-

1041 3715 1086 3752 sus
1109 3698 1327 3766 Agamemnonem
1344 3705 1451 3765 propter
1470 3693 1527 3744 Bri-

1042 3786 1142 3840 seiduru
1160 3823 1166 3844 .
1190 3785 1277 3840 noluit
1295 3783 1384 3851 egredi
1402 3781 1527 3835 adversus

1041 3872 1179 3928 Troianos·
1193 3873 1308 3939 Rogatus
1329 3881 1417 3924 nutem
1429 3879 1460 3922 ut
1477 3867 1526 3923 sul·

542 4073 584 4140 (1)
601 4079 689 4122 urruns
707 4077 778 4124 trinu
794 4077 914 4122 verberum
931 4080 955 4124 in
973 4077 1022 4127 rod·
1044 4079 1126 4125 consor
1142 4079 1218 4138 Myth.
1230 4081 1248 4124 1.
1264 4072 1302 4122 ³5·

782 4224 811 4273 ιλ
