3638 5332
569 493 637 582 att
835 513 1324 564 castronontt‘

586 699 625 781 7.
655 659 739 748 Sed
768 664 803 748 si
833 660 970 746 adhuc
1004 660 1198 748 volumus
1237 658 1393 743 maiore
1430 659 1599 744 illumi-

529 778 697 862 natione
727 775 955 888 compleri,
984 795 1033 858 ut
1062 775 1189 860 etiam
1220 772 1290 855 hic
1328 773 1448 858 nobis
1490 802 1600 856 con-

530 890 690 976 stitutis
720 887 859 972 futura
887 889 1018 1004 possit
1040 889 1126 972 vita
1148 887 1416 991 dulcescere,
1435 916 1531 970 curn
1551 889 1604 970 ti-

529 1033 648 1089 more
676 1003 861 1088 maximo
890 1021 934 1084 et
968 1001 1268 1102 admiratione,
1303 999 1348 1080 in
1386 1022 1597 1118 quantum

531 1136 673 1202 tamen
701 1116 838 1200 sobrie
868 1145 987 1200 mens
1016 1115 1198 1198 humana
1226 1111 1450 1245 pertingit,
1490 1143 1600 1198 con-

530 1229 760 1316 sideremus
783 1226 1145 1345 quemadmodum
1167 1246 1307 1314 sancta
1330 1245 1490 1312 trinitas
1505 1259 1601 1340 per·

530 1343 642 1428 sonis
664 1341 881 1444 distincta,
902 1361 1051 1424 natura
1072 1372 1170 1428 vero
1185 1339 1514 1450 inseparabiliter
1535 1369 1602 1424 co·

531 1485 636 1540 nexa
675 1474 801 1572 atque
842 1455 1204 1540 consubstantialis
1252 1449 1353 1570 (1),
1393 1474 1600 1540 creaturas

531 1597 626 1654 sues
666 1597 903 1653 commeans
946 1589 1074 1684 atque
1113 1567 1304 1680 replens,
1346 1565 1508 1684 ubique
1547 1568 1603 1652 sit

534 1701 636 1764 tota.
667 1679 832 1766 Deinde
865 1677 1228 1797 quemadmodum
1258 1683 1302 1766 in
1333 1678 1423 1765 aliis
1453 1678 1602 1764 absens

532 1791 760 1900 reddatur,
792 1823 891 1880 cum
921 1815 1064 1878 tamen
1090 1824 1283 1908 praesens
1310 1824 1403 1879 esse
1427 1824 1510 1878 non
1530 1791 1601 1878 de-

534 1908 657 1992 sinat.
681 1907 827 1992 Tertio
848 1937 945 1993 cum
966 1906 1198 1994 substantia
1220 1909 1352 2022 ipsius
1372 1937 1496 2021 supra
1513 1937 1603 1990 om-

534 2051 588 2104 ne
617 2021 763 2108 lumen
790 2023 870 2126 sit,
900 2043 942 2107 et
972 2021 1132 2106 claritas
1161 2019 1402 2137 singularis,
1431 2051 1455 2102 a
1484 2019 1601 2104 nulla

536 2153 677 2220 tamen
698 2156 981 2220 creaturarum
1002 2133 1132 2218 modo
1154 2135 1263 2220 sicut
1285 2154 1348 2220 est
1364 2135 1496 2250 possit
1514 2130 1601 2247 ple-

535 2247 706 2334 nissime
737 2249 951 2351 contueri,
978 2248 1087 2332 sicut
1116 2247 1219 2333 dicit
1248 2247 1490 2363 apostolus,
1529 2247 1603 2332 vi-

537 2358 733 2447 debimus
764 2392 862 2446 etun
889 2361 1014 2446 sicuti
1055 2382 1129 2446 est.
1171 2361 1337 2470 Quarto
1376 2361 1513 2477 qualis
1550 2360 1604 2443 sit

536 2473 583 2557 in
611 2473 780 2559 Christo
809 2505 904 2590 rege
932 2475 1094 2588 pietas,
1121 2496 1172 2559 ut
1200 2475 1396 2564 dominus
1427 2471 1604 2590 angelo-

536 2619 631 2672 rum
660 2585 888 2678 humanam
918 2586 1203 2674 conditionem
1233 2620 1318 2672 non
1356 2589 1484 2676 fuerit
1520 2586 1604 2672 de-

537 2698 733 2816 dignatus
763 2729 1000 2804 assumere,
1029 2723 1072 2786 et
1108 2703 1195 2786 vita
1237 2707 1429 2790 omnium
1470 2702 1602 2784 crucis

538 2813 709 2930 elegerit
737 2813 940 2898 sustinere
969 2814 1225 2930 patibulum.
1258 2815 1298 2902 N
1303 2850 1371 2903 am
1399 2821 1451 2903 ut
1491 2845 1604 2898 mors

538 2925 592 3010 ab
622 2927 808 3014 humano
836 2957 985 3043 genere
1017 2930 1277 3034 vinceretur,
1312 2933 1356 3015 in
1394 2949 1604 3041 assumpta

537 3069 659 3126 carne
688 3042 885 3156 pertulit,
914 3042 991 3157 qui
1021 3075 1105 3126 non
1135 3063 1274 3156 potest
1303 3047 1424 3132 mori.
1453 3041 1513 3127 Et
1531 3070 1607 3124 ce·-

535 3173 625 3238 tera
657 3156 847 3274 quaeda
884 3156 961 3240 hac
1000 3189 1044 3240 re
1086 3156 1241 3242 diversi
1279 3180 1417 3272 patres
1458 3153 1607 3268 repleti

540 3265 685 3352 divino
713 3271 864 3383 spiritu
894 3271 1094 3356 veraciter
1122 3269 1360 3356 ediderunt·

475 3489 476 3492 Ν
597 3382 637 3467 8.
667 3379 713 3466 ln
744 3385 832 3470 istis
864 3383 1041 3500 quidem
1071 3383 1233 3468 actibus
1264 3389 1402 3472 omnis
1433 3381 1608 3467 admira-

541 3495 601 3578 tio
630 3491 796 3599 deficit,
830 3499 1103 3610 perscrutatio
1132 3498 1314 3582 humana
1353 3493 1607 3585 succumbit.

541 3609 847 3694 Verumtamen
874 3609 952 3693 hae
992 3631 1089 3694 snut
1129 3611 1303 3696 deliciae
1344 3609 1608 3698 Christiano-

543 3752 665 3824 rum,
687 3723 788 3808 haec
809 3725 1036 3810 consolatio
1059 3755 1207 3842 magna
1225 3723 1491 3841 lugentium,
1511 3749 1612 3838 quo·

650 3879 691 3955 (ι)
711 3881 779 3936 eod.
799 3885 1063 3944 consubstantiales.
