<?xml version="1.0" encoding="UTF-8"?>
<!DOCTYPE html PUBLIC "-//W3C//DTD XHTML 1.0 Transitional//EN"
    "http://www.w3.org/TR/xhtml1/DTD/xhtml1-transitional.dtd">
<html xmlns="http://www.w3.org/1999/xhtml" xml:lang="en" lang="en">
 <head>
  <title>
</title>
<meta http-equiv="Content-Type" content="text/html;charset=utf-8" />
  <meta name='ocr-system' content='tesseract 3.04.00' />
  <meta name='ocr-capabilities' content='ocr_page ocr_carea ocr_par ocr_line ocrx_word'/>
</head>
<body>
  <div class='ocr_page' id='page_1' title='image "./classicorumauct01vatigoog_0388.png"; bbox 0 0 3630 5334; ppageno 0'>
   <div class='ocr_carea' id='block_1_1' title="bbox 504 645 1263 718">
    <p class='ocr_par' dir='ltr' id='par_1_1' title="bbox 504 645 1263 718">
     <span class='ocr_line' id='line_1_1' title="bbox 504 645 1263 718; baseline 0 -2"><span class='ocrx_word' id='word_1_1' title='bbox 504 666 548 717; x_wconf 76' lang='lat' dir='ltr'><strong>nt</strong></span> <span class='ocrx_word' id='word_1_2' title='bbox 572 659 792 716; x_wconf 77' lang='lat' dir='ltr'><strong>unrromctt</strong></span> <span class='ocrx_word' id='word_1_3' title='bbox 815 661 1046 718; x_wconf 77' lang='lat' dir='ltr'><strong>cocutrtottt·</strong></span> <span class='ocrx_word' id='word_1_4' title='bbox 1197 645 1263 716; x_wconf 75' lang='lat'><strong>325</strong></span> 
     </span>
    </p>
   </div>
   <div class='ocr_carea' id='block_1_2' title="bbox 176 809 1329 4095">
    <p class='ocr_par' dir='ltr' id='par_1_2' title="bbox 248 809 1314 1835">
     <span class='ocr_line' id='line_1_2' title="bbox 310 809 1307 927; baseline -0.001 -28"><span class='ocrx_word' id='word_1_5' title='bbox 310 847 357 901; x_wconf 89' lang='lat'><strong>12</strong></span> <span class='ocrx_word' id='word_1_6' title='bbox 388 813 498 898; x_wconf 91' lang='lat' dir='ltr'><strong>Tota</strong></span> <span class='ocrx_word' id='word_1_7' title='bbox 516 813 720 898; x_wconf 85' lang='lat' dir='ltr'><strong>rhetorica</strong></span> <span class='ocrx_word' id='word_1_8' title='bbox 740 812 819 898; x_wconf 90' lang='lat' dir='ltr'><strong>ins</strong></span> <span class='ocrx_word' id='word_1_9' title='bbox 850 809 1017 896; x_wconf 87' lang='lat' dir='ltr'><strong>eciebus</strong></span> <span class='ocrx_word' id='word_1_10' title='bbox 1032 843 1045 896; x_wconf 76' lang='grc' dir='ltr'>ε</span> <span class='ocrx_word' id='word_1_11' title='bbox 1060 809 1219 927; x_wconf 89' lang='lat' dir='ltr'><strong>species</strong></span> <span class='ocrx_word' id='word_1_12' title='bbox 1239 843 1307 900; x_wconf 87' lang='lat' dir='ltr'><strong>ve-</strong></span> 
     </span>
     <span class='ocr_line' id='line_1_3' title="bbox 248 926 1310 1019; baseline -0.005 -3"><span class='ocrx_word' id='word_1_13' title='bbox 248 961 295 1016; x_wconf 91' lang='lat' dir='ltr'><strong>ro</strong></span> <span class='ocrx_word' id='word_1_14' title='bbox 316 929 374 1013; x_wconf 89' lang='lat' dir='ltr'><strong>ita</strong></span> <span class='ocrx_word' id='word_1_15' title='bbox 390 945 521 1010; x_wconf 90' lang='lat' dir='ltr'><strong>totam</strong></span> <span class='ocrx_word' id='word_1_16' title='bbox 536 926 781 1012; x_wconf 89' lang='lat' dir='ltr'><strong>materiami</strong></span> <span class='ocrx_word' id='word_1_17' title='bbox 827 944 1014 1019; x_wconf 87' lang='lat' dir='ltr'><strong>ormant,</strong></span> <span class='ocrx_word' id='word_1_18' title='bbox 1027 946 1077 1009; x_wconf 93' lang='lat' dir='ltr'><strong>ut</strong></span> <span class='ocrx_word' id='word_1_19' title='bbox 1091 947 1234 1012; x_wconf 90' lang='lat' dir='ltr'><strong>tamen</strong></span> <span class='ocrx_word' id='word_1_20' title='bbox 1248 927 1310 1013; x_wconf 87' lang='lat' dir='ltr'><strong>vi·</strong></span> 
     </span>
     <span class='ocr_line' id='line_1_4' title="bbox 248 1036 1310 1154; baseline -0.006 -26"><span class='ocrx_word' id='word_1_21' title='bbox 248 1043 387 1129; x_wconf 91' lang='lat' dir='ltr'><strong>cissim</strong></span> <span class='ocrx_word' id='word_1_22' title='bbox 403 1061 535 1125; x_wconf 90' lang='lat' dir='ltr'><strong>totam</strong></span> <span class='ocrx_word' id='word_1_23' title='bbox 550 1039 633 1126; x_wconf 90' lang='lat' dir='ltr'><strong>sibi</strong></span> <span class='ocrx_word' id='word_1_24' title='bbox 655 1037 868 1125; x_wconf 81' lang='lat' dir='ltr'><strong>vindicent</strong></span> <span class='ocrx_word' id='word_1_25' title='bbox 889 1069 902 1120; x_wconf 77' lang='lat' dir='ltr'><strong>a</strong></span> <span class='ocrx_word' id='word_1_26' title='bbox 927 1036 1046 1154; x_wconf 90' lang='lat' dir='ltr'><strong>quod</strong></span> <span class='ocrx_word' id='word_1_27' title='bbox 1069 1069 1118 1123; x_wconf 85' lang='lat' dir='ltr'><strong>ex</strong></span> <span class='ocrx_word' id='word_1_28' title='bbox 1139 1037 1217 1123; x_wconf 94' lang='lat' dir='ltr'><strong>hoc</strong></span> <span class='ocrx_word' id='word_1_29' title='bbox 1236 1040 1310 1123; x_wconf 92' lang='lat' dir='ltr'><strong>in-</strong></span> 
     </span>
     <span class='ocr_line' id='line_1_5' title="bbox 249 1151 1309 1270; baseline -0.002 -30"><span class='ocrx_word' id='word_1_30' title='bbox 249 1154 389 1270; x_wconf 79' lang='lat' dir='ltr'><strong>tellegi</strong></span> <span class='ocrx_word' id='word_1_31' title='bbox 410 1173 549 1267; x_wconf 88' lang='lat' dir='ltr'><strong>potest</strong></span> <span class='ocrx_word' id='word_1_32' title='bbox 569 1211 583 1258; x_wconf 92' lang='lat'><strong>,</strong></span> <span class='ocrx_word' id='word_1_33' title='bbox 605 1153 806 1270; x_wconf 88' lang='lat' dir='ltr'><strong>quoniam</strong></span> <span class='ocrx_word' id='word_1_34' title='bbox 828 1179 973 1236; x_wconf 88' lang='lat' dir='ltr'><strong>omnes</strong></span> <span class='ocrx_word' id='word_1_35' title='bbox 994 1151 1076 1234; x_wconf 92' lang='lat' dir='ltr'><strong>sibi</strong></span> <span class='ocrx_word' id='word_1_36' title='bbox 1109 1153 1309 1238; x_wconf 89' lang='lat' dir='ltr'><strong>materiae</strong></span> 
     </span>
     <span class='ocr_line' id='line_1_6' title="bbox 248 1261 1311 1382; baseline -0.003 -30"><span class='ocrx_word' id='word_1_37' title='bbox 248 1289 383 1382; x_wconf 88' lang='lat' dir='ltr'><strong>partes</strong></span> <span class='ocrx_word' id='word_1_38' title='bbox 405 1266 589 1382; x_wconf 80' lang='lat' dir='ltr'><strong>singulae</strong></span> <span class='ocrx_word' id='word_1_39' title='bbox 618 1264 775 1379; x_wconf 89' lang='lat' dir='ltr'><strong>species</strong></span> <span class='ocrx_word' id='word_1_40' title='bbox 796 1282 967 1348; x_wconf 89' lang='lat' dir='ltr'><strong>tenent.</strong></span> <span class='ocrx_word' id='word_1_41' title='bbox 989 1261 1028 1346; x_wconf 85' lang='lat' dir='ltr'>N</span> <span class='ocrx_word' id='word_1_42' title='bbox 1034 1295 1102 1348; x_wconf 88' lang='lat' dir='ltr'><strong>am</strong></span> <span class='ocrx_word' id='word_1_43' title='bbox 1125 1263 1170 1349; x_wconf 94' lang='lat' dir='ltr'><strong>in</strong></span> <span class='ocrx_word' id='word_1_44' title='bbox 1191 1263 1311 1349; x_wconf 91' lang='lat' dir='ltr'><strong>iudi-</strong></span> 
     </span>
     <span class='ocr_line' id='line_1_7' title="bbox 251 1377 1311 1480; baseline -0.002 -15"><span class='ocrx_word' id='word_1_45' title='bbox 251 1378 344 1466; x_wconf 86' lang='lat' dir='ltr'><strong>ciali</strong></span> <span class='ocrx_word' id='word_1_46' title='bbox 369 1380 473 1463; x_wconf 93' lang='lat' dir='ltr'><strong>·llll·</strong></span> <span class='ocrx_word' id='word_1_47' title='bbox 491 1378 807 1464; x_wconf 81' lang='lat' dir='ltr'><strong>constitutiones</strong></span> <span class='ocrx_word' id='word_1_48' title='bbox 830 1377 1015 1460; x_wconf 85' lang='lat' dir='ltr'><strong>invenies</strong></span> <span class='ocrx_word' id='word_1_49' title='bbox 1037 1433 1051 1480; x_wconf 91' lang='lat'><strong>,</strong></span> <span class='ocrx_word' id='word_1_50' title='bbox 1075 1397 1117 1460; x_wconf 91' lang='lat' dir='ltr'><strong>et</strong></span> <span class='ocrx_word' id='word_1_51' title='bbox 1142 1378 1187 1462; x_wconf 94' lang='lat' dir='ltr'><strong>in</strong></span> <span class='ocrx_word' id='word_1_52' title='bbox 1209 1377 1311 1463; x_wconf 87' lang='lat' dir='ltr'><strong>deli·</strong></span> 
     </span>
     <span class='ocr_line' id='line_1_8' title="bbox 249 1487 1311 1608; baseline -0.002 -30"><span class='ocrx_word' id='word_1_53' title='bbox 249 1493 435 1578; x_wconf 87' lang='lat' dir='ltr'><strong>berativa</strong></span> <span class='ocrx_word' id='word_1_54' title='bbox 454 1491 865 1605; x_wconf 87' lang='lat' dir='ltr'><strong>demonstrativaque</strong></span> <span class='ocrx_word' id='word_1_55' title='bbox 880 1487 1046 1574; x_wconf 89' lang='lat' dir='ltr'><strong>easdem</strong></span> <span class='ocrx_word' id='word_1_56' title='bbox 1060 1511 1241 1608; x_wconf 88' lang='lat' dir='ltr'><strong>quatuor</strong></span> <span class='ocrx_word' id='word_1_57' title='bbox 1251 1492 1311 1576; x_wconf 93' lang='lat' dir='ltr'><strong>in·</strong></span> 
     </span>
     <span class='ocr_line' id='line_1_9' title="bbox 251 1600 1312 1720; baseline 0 -30"><span class='ocrx_word' id='word_1_58' title='bbox 251 1607 390 1690; x_wconf 85' lang='lat' dir='ltr'><strong>venire</strong></span> <span class='ocrx_word' id='word_1_59' title='bbox 407 1636 551 1720; x_wconf 84' lang='lat' dir='ltr'><strong>queas·</strong></span> <span class='ocrx_word' id='word_1_60' title='bbox 570 1602 695 1692; x_wconf 92' lang='lat' dir='ltr'><strong>Unde</strong></span> <span class='ocrx_word' id='word_1_61' title='bbox 713 1600 972 1706; x_wconf 85' lang='lat' dir='ltr'><strong>ostenditur,</strong></span> <span class='ocrx_word' id='word_1_62' title='bbox 992 1603 1027 1688; x_wconf 93' lang='lat' dir='ltr'><strong>si</strong></span> <span class='ocrx_word' id='word_1_63' title='bbox 1044 1633 1188 1690; x_wconf 90' lang='lat' dir='ltr'><strong>omnes</strong></span> <span class='ocrx_word' id='word_1_64' title='bbox 1208 1633 1312 1718; x_wconf 51' lang='lat' dir='ltr'><strong>patb</strong></span> 
     </span>
     <span class='ocr_line' id='line_1_10' title="bbox 252 1715 1314 1835; baseline 0 -32"><span class='ocrx_word' id='word_1_65' title='bbox 252 1739 313 1804; x_wconf 90' lang='lat' dir='ltr'><strong>tes</strong></span> <span class='ocrx_word' id='word_1_66' title='bbox 330 1747 475 1802; x_wconf 88' lang='lat' dir='ltr'><strong>causae</strong></span> <span class='ocrx_word' id='word_1_67' title='bbox 493 1717 717 1835; x_wconf 87' lang='lat' dir='ltr'><strong>generalis,</strong></span> <span class='ocrx_word' id='word_1_68' title='bbox 740 1745 847 1832; x_wconf 87' lang='lat' dir='ltr'><strong>quae</strong></span> <span class='ocrx_word' id='word_1_69' title='bbox 868 1734 931 1797; x_wconf 91' lang='lat' dir='ltr'><strong>est</strong></span> <span class='ocrx_word' id='word_1_70' title='bbox 947 1715 1079 1802; x_wconf 82' lang='lat' dir='ltr'><strong>civilis</strong></span> <span class='ocrx_word' id='word_1_71' title='bbox 1100 1719 1314 1832; x_wconf 84' lang='lat' dir='ltr'><strong>quaestio,</strong></span> 
     </span>
    </p>

    <p class='ocr_par' dir='ltr' id='par_1_3' title="bbox 176 1829 1320 2709">
     <span class='ocr_line' id='line_1_11' title="bbox 251 1829 1313 1947; baseline 0.001 -31"><span class='ocrx_word' id='word_1_72' title='bbox 251 1829 435 1947; x_wconf 82' lang='lat' dir='ltr'><strong>singulae</strong></span> <span class='ocrx_word' id='word_1_73' title='bbox 463 1833 619 1946; x_wconf 90' lang='lat' dir='ltr'><strong>species</strong></span> <span class='ocrx_word' id='word_1_74' title='bbox 650 1829 843 1930; x_wconf 77' lang='lat' dir='ltr'><strong>habent3</strong></span> <span class='ocrx_word' id='word_1_75' title='bbox 880 1855 1024 1913; x_wconf 89' lang='lat' dir='ltr'><strong>omnes</strong></span> <span class='ocrx_word' id='word_1_76' title='bbox 1045 1859 1144 1913; x_wconf 84' lang='lat' dir='ltr'><strong>vero</strong></span> <span class='ocrx_word' id='word_1_77' title='bbox 1176 1851 1313 1944; x_wconf 88' lang='lat' dir='ltr'><strong>partes</strong></span> 
     </span>
     <span class='ocr_line' id='line_1_12' title="bbox 176 1941 1315 2047; baseline 0 -19"><span class='ocrx_word' id='word_1_78' title='bbox 176 1941 182 1948; x_wconf 74' lang='grc'><strong><em>’</em></strong></span> <span class='ocrx_word' id='word_1_79' title='bbox 252 1973 418 2029; x_wconf 84' lang='lat' dir='ltr'><strong>causam</strong></span> <span class='ocrx_word' id='word_1_80' title='bbox 451 1975 573 2047; x_wconf 67' lang='lat' dir='ltr'><strong>esse,</strong></span> <span class='ocrx_word' id='word_1_81' title='bbox 603 1945 616 2026; x_wconf 92' lang='lat' dir='ltr'><strong>i</strong></span> <span class='ocrx_word' id='word_1_82' title='bbox 649 1971 738 2028; x_wconf 88' lang='lat' dir='ltr'><strong>sam</strong></span> <span class='ocrx_word' id='word_1_83' title='bbox 768 1969 973 2043; x_wconf 87' lang='lat' dir='ltr'><strong>causam,</strong></span> <span class='ocrx_word' id='word_1_84' title='bbox 1004 1941 1112 2027; x_wconf 90' lang='lat' dir='ltr'><strong>idest</strong></span> <span class='ocrx_word' id='word_1_85' title='bbox 1145 1941 1315 2028; x_wconf 90' lang='lat' dir='ltr'><strong>civilem</strong></span> 
     </span>
     <span class='ocr_line' id='line_1_13' title="bbox 252 2051 1315 2173; baseline -0.001 -33"><span class='ocrx_word' id='word_1_86' title='bbox 252 2057 569 2173; x_wconf 81' lang='lat' dir='ltr'><strong>qrraestionem,</strong></span> <span class='ocrx_word' id='word_1_87' title='bbox 663 2052 884 2170; x_wconf 88' lang='lat' dir='ltr'><strong>speciebus</strong></span> <span class='ocrx_word' id='word_1_88' title='bbox 906 2051 1088 2138; x_wconf 90' lang='lat' dir='ltr'><strong>vicissim</strong></span> <span class='ocrx_word' id='word_1_89' title='bbox 1112 2053 1315 2140; x_wconf 81' lang='lat' dir='ltr'><strong>vindicari</strong></span> 
     </span>
     <span class='ocr_line' id='line_1_14' title="bbox 253 2166 1315 2285; baseline 0.001 -33"><span class='ocrx_word' id='word_1_90' title='bbox 253 2191 407 2254; x_wconf 89' lang='lat' dir='ltr'><strong>totam:</strong></span> <span class='ocrx_word' id='word_1_91' title='bbox 425 2201 475 2256; x_wconf 89' lang='lat' dir='ltr'><strong>eo</strong></span> <span class='ocrx_word' id='word_1_92' title='bbox 490 2169 618 2254; x_wconf 93' lang='lat' dir='ltr'><strong>modo</strong></span> <span class='ocrx_word' id='word_1_93' title='bbox 634 2198 719 2285; x_wconf 91' lang='lat' dir='ltr'><strong>qno</strong></span> <span class='ocrx_word' id='word_1_94' title='bbox 739 2196 820 2250; x_wconf 82' lang='lat' dir='ltr'><strong>vox</strong></span> <span class='ocrx_word' id='word_1_95' title='bbox 834 2195 921 2248; x_wconf 91' lang='lat' dir='ltr'><strong>uno</strong></span> <span class='ocrx_word' id='word_1_96' title='bbox 937 2185 1124 2281; x_wconf 88' lang='lat' dir='ltr'><strong>tempore</strong></span> <span class='ocrx_word' id='word_1_97' title='bbox 1142 2166 1197 2253; x_wconf 90' lang='lat' dir='ltr'><strong>ad</strong></span> <span class='ocrx_word' id='word_1_98' title='bbox 1212 2167 1315 2284; x_wconf 89' lang='lat' dir='ltr'><strong>plu-</strong></span> 
     </span>
     <span class='ocr_line' id='line_1_15' title="bbox 252 2281 1319 2396; baseline -0.001 -30"><span class='ocrx_word' id='word_1_99' title='bbox 252 2285 454 2368; x_wconf 90' lang='lat' dir='ltr'><strong>rimorum</strong></span> <span class='ocrx_word' id='word_1_100' title='bbox 473 2313 589 2369; x_wconf 90' lang='lat' dir='ltr'><strong>aures</strong></span> <span class='ocrx_word' id='word_1_101' title='bbox 607 2281 804 2396; x_wconf 90' lang='lat' dir='ltr'><strong>pervenit</strong></span> <span class='ocrx_word' id='word_1_102' title='bbox 823 2308 922 2362; x_wconf 90' lang='lat' dir='ltr'><strong>cnm</strong></span> <span class='ocrx_word' id='word_1_103' title='bbox 942 2281 1026 2364; x_wconf 92' lang='lat' dir='ltr'><strong>suis</strong></span> <span class='ocrx_word' id='word_1_104' title='bbox 1048 2281 1206 2396; x_wconf 83' lang='lat' dir='ltr'><strong>integra</strong></span> <span class='ocrx_word' id='word_1_105' title='bbox 1227 2311 1319 2394; x_wconf 83' lang='lat' dir='ltr'><strong>par-</strong></span> 
     </span>
     <span class='ocr_line' id='line_1_16' title="bbox 253 2391 1318 2510; baseline 0 -30"><span class='ocrx_word' id='word_1_106' title='bbox 253 2395 403 2499; x_wconf 89' lang='lat' dir='ltr'><strong>tibus,</strong></span> <span class='ocrx_word' id='word_1_107' title='bbox 429 2395 538 2480; x_wconf 92' lang='lat' dir='ltr'><strong>idest</strong></span> <span class='ocrx_word' id='word_1_108' title='bbox 557 2395 787 2480; x_wconf 88' lang='lat' dir='ltr'><strong>elementis.</strong></span> <span class='ocrx_word' id='word_1_109' title='bbox 804 2391 917 2477; x_wconf 89' lang='lat' dir='ltr'><strong>Nam</strong></span> <span class='ocrx_word' id='word_1_110' title='bbox 948 2391 1099 2478; x_wconf 88' lang='lat' dir='ltr'><strong>eodem</strong></span> <span class='ocrx_word' id='word_1_111' title='bbox 1129 2415 1318 2510; x_wconf 89' lang='lat' dir='ltr'><strong>tempore</strong></span> 
     </span>
     <span class='ocr_line' id='line_1_17' title="bbox 253 2505 1320 2622; baseline 0.002 -30"><span class='ocrx_word' id='word_1_112' title='bbox 253 2527 341 2592; x_wconf 86' lang='lat' dir='ltr'><strong>tota</strong></span> <span class='ocrx_word' id='word_1_113' title='bbox 371 2537 493 2595; x_wconf 86' lang='lat' dir='ltr'><strong>causa</strong></span> <span class='ocrx_word' id='word_1_114' title='bbox 530 2508 584 2593; x_wconf 90' lang='lat' dir='ltr'><strong>ad</strong></span> <span class='ocrx_word' id='word_1_115' title='bbox 608 2508 789 2594; x_wconf 87' lang='lat' dir='ltr'><strong>diversas</strong></span> <span class='ocrx_word' id='word_1_116' title='bbox 818 2505 975 2620; x_wconf 87' lang='lat' dir='ltr'><strong>species</strong></span> <span class='ocrx_word' id='word_1_117' title='bbox 993 2537 1091 2592; x_wconf 90' lang='lat' dir='ltr'><strong>cum</strong></span> <span class='ocrx_word' id='word_1_118' title='bbox 1112 2508 1195 2596; x_wconf 89' lang='lat' dir='ltr'><strong>suis</strong></span> <span class='ocrx_word' id='word_1_119' title='bbox 1216 2537 1320 2622; x_wconf 87' lang='lat' dir='ltr'><strong>par-</strong></span> 
     </span>
     <span class='ocr_line' id='line_1_18' title="bbox 255 2621 573 2709; baseline 0.003 -5"><span class='ocrx_word' id='word_1_120' title='bbox 255 2621 367 2706; x_wconf 88' lang='lat' dir='ltr'><strong>tibus</strong></span> <span class='ocrx_word' id='word_1_121' title='bbox 394 2622 573 2709; x_wconf 91' lang='lat' dir='ltr'><strong>transit.</strong></span> 
     </span>
    </p>

    <p class='ocr_par' dir='ltr' id='par_1_4' title="bbox 254 2733 1322 3303">
     <span class='ocr_line' id='line_1_19' title="bbox 317 2733 1320 2848; baseline 0.005 -32"><span class='ocrx_word' id='word_1_122' title='bbox 317 2733 365 2816; x_wconf 80' lang='lat'><strong>13</strong></span> <span class='ocrx_word' id='word_1_123' title='bbox 395 2734 478 2820; x_wconf 87' lang='lat' dir='ltr'><strong>Sed</strong></span> <span class='ocrx_word' id='word_1_124' title='bbox 515 2764 612 2820; x_wconf 91' lang='lat' dir='ltr'><strong>cum</strong></span> <span class='ocrx_word' id='word_1_125' title='bbox 654 2735 811 2848; x_wconf 90' lang='lat' dir='ltr'><strong>species</strong></span> <span class='ocrx_word' id='word_1_126' title='bbox 847 2733 890 2816; x_wconf 93' lang='lat' dir='ltr'><strong>in</strong></span> <span class='ocrx_word' id='word_1_127' title='bbox 927 2734 1145 2819; x_wconf 83' lang='lat' dir='ltr'><strong>materiam</strong></span> <span class='ocrx_word' id='word_1_128' title='bbox 1184 2764 1320 2822; x_wconf 85' lang='lat' dir='ltr'><strong>rene-</strong></span> 
     </span>
     <span class='ocr_line' id='line_1_20' title="bbox 254 2847 1320 2962; baseline 0.004 -34"><span class='ocrx_word' id='word_1_129' title='bbox 254 2847 369 2951; x_wconf 88' lang='lat' dir='ltr'><strong>rint,</strong></span> <span class='ocrx_word' id='word_1_130' title='bbox 396 2847 524 2934; x_wconf 91' lang='lat' dir='ltr'><strong>idest</strong></span> <span class='ocrx_word' id='word_1_131' title='bbox 554 2855 598 2932; x_wconf 91' lang='lat' dir='ltr'><strong>in</strong></span> <span class='ocrx_word' id='word_1_132' title='bbox 623 2847 790 2933; x_wconf 85' lang='lat' dir='ltr'><strong>civilem</strong></span> <span class='ocrx_word' id='word_1_133' title='bbox 820 2848 1133 2962; x_wconf 80' lang='lat' dir='ltr'><strong>quaestionem,</strong></span> <span class='ocrx_word' id='word_1_134' title='bbox 1163 2870 1205 2934; x_wconf 87' lang='lat' dir='ltr'><strong>et</strong></span> <span class='ocrx_word' id='word_1_135' title='bbox 1226 2877 1320 2934; x_wconf 91' lang='lat' dir='ltr'><strong>eam</strong></span> 
     </span>
     <span class='ocr_line' id='line_1_21' title="bbox 258 2959 1322 3074; baseline 0.004 -32"><span class='ocrx_word' id='word_1_136' title='bbox 258 2987 354 3042; x_wconf 91' lang='lat' dir='ltr'><strong>cum</strong></span> <span class='ocrx_word' id='word_1_137' title='bbox 396 2963 480 3047; x_wconf 87' lang='lat' dir='ltr'><strong>suis</strong></span> <span class='ocrx_word' id='word_1_138' title='bbox 509 2961 768 3046; x_wconf 85' lang='lat' dir='ltr'><strong>obtinuerint</strong></span> <span class='ocrx_word' id='word_1_139' title='bbox 788 2959 977 3074; x_wconf 90' lang='lat' dir='ltr'><strong>partibus</strong></span> <span class='ocrx_word' id='word_1_140' title='bbox 1000 3017 1014 3063; x_wconf 92' lang='lat'><strong>,</strong></span> <span class='ocrx_word' id='word_1_141' title='bbox 1041 2959 1226 3048; x_wconf 81' lang='lat' dir='ltr'><strong>inferunt</strong></span> <span class='ocrx_word' id='word_1_142' title='bbox 1259 2991 1322 3048; x_wconf 84' lang='lat' dir='ltr'><strong>se·</strong></span> 
     </span>
     <span class='ocr_line' id='line_1_22' title="bbox 255 3070 1321 3195; baseline 0.002 -40"><span class='ocrx_word' id='word_1_143' title='bbox 255 3101 353 3156; x_wconf 90' lang='lat' dir='ltr'><strong>cnm</strong></span> <span class='ocrx_word' id='word_1_144' title='bbox 377 3075 505 3159; x_wconf 89' lang='lat' dir='ltr'><strong>etiam</strong></span> <span class='ocrx_word' id='word_1_145' title='bbox 529 3075 660 3188; x_wconf 89' lang='lat' dir='ltr'><strong>ipsam</strong></span> <span class='ocrx_word' id='word_1_146' title='bbox 681 3071 907 3157; x_wconf 86' lang='lat' dir='ltr'><strong>rhetoricae</strong></span> <span class='ocrx_word' id='word_1_147' title='bbox 923 3070 1167 3159; x_wconf 83' lang='lat' dir='ltr'><strong>facultatem</strong></span> <span class='ocrx_word' id='word_1_148' title='bbox 1180 3106 1192 3161; x_wconf 76' lang='grc' dir='ltr'><strong><em>ε</em></strong></span> <span class='ocrx_word' id='word_1_149' title='bbox 1207 3104 1321 3195; x_wconf 87' lang='lat' dir='ltr'><strong>qua-</strong></span> 
     </span>
     <span class='ocr_line' id='line_1_23' title="bbox 256 3186 1321 3303; baseline 0.001 -33"><span class='ocrx_word' id='word_1_150' title='bbox 256 3215 299 3270; x_wconf 91' lang='lat' dir='ltr'><strong>re</strong></span> <span class='ocrx_word' id='word_1_151' title='bbox 332 3188 458 3270; x_wconf 89' lang='lat' dir='ltr'><strong>etiarn</strong></span> <span class='ocrx_word' id='word_1_152' title='bbox 485 3187 711 3272; x_wconf 88' lang='lat' dir='ltr'><strong>rhetoricae</strong></span> <span class='ocrx_word' id='word_1_153' title='bbox 744 3206 917 3298; x_wconf 85' lang='lat' dir='ltr'><strong>partes.</strong></span> <span class='ocrx_word' id='word_1_154' title='bbox 954 3187 1004 3270; x_wconf 92' lang='lat' dir='ltr'><strong>ln</strong></span> <span class='ocrx_word' id='word_1_155' title='bbox 1035 3186 1208 3303; x_wconf 83' lang='lat' dir='ltr'><strong>singulis</strong></span> <span class='ocrx_word' id='word_1_156' title='bbox 1247 3218 1321 3273; x_wconf 90' lang='lat' dir='ltr'><strong>er-</strong></span> 
     </span>
    </p>

    <p class='ocr_par' dir='ltr' id='par_1_5' title="bbox 256 3296 1329 4095">
     <span class='ocr_line' id='line_1_24' title="bbox 283 3296 1321 3413; baseline 0 -32"><span class='ocrx_word' id='word_1_157' title='bbox 283 3329 309 3382; x_wconf 94' lang='lat' dir='ltr'><strong>o</strong></span> <span class='ocrx_word' id='word_1_158' title='bbox 340 3301 708 3384; x_wconf 89' lang='lat' dir='ltr'><strong>constitutionibus</strong></span> <span class='ocrx_word' id='word_1_159' title='bbox 732 3317 855 3382; x_wconf 88' lang='lat' dir='ltr'><strong>erunt</strong></span> <span class='ocrx_word' id='word_1_160' title='bbox 885 3296 1112 3383; x_wconf 88' lang='lat' dir='ltr'><strong>rhetoricae</strong></span> <span class='ocrx_word' id='word_1_161' title='bbox 1139 3321 1276 3413; x_wconf 89' lang='lat' dir='ltr'><strong>partes</strong></span> <span class='ocrx_word' id='word_1_162' title='bbox 1308 3357 1321 3381; x_wconf 91' lang='lat'><strong>.</strong></span> 
     </span>
     <span class='ocr_line' id='line_1_25' title="bbox 256 3327 1325 3515; baseline 0 -19"><span class='ocrx_word' id='word_1_163' title='bbox 256 3327 341 3496; x_wconf 69' lang='lat' dir='ltr'><strong>led</strong></span> <span class='ocrx_word' id='word_1_164' title='bbox 365 3411 478 3497; x_wconf 91' lang='lat' dir='ltr'><strong>illata</strong></span> <span class='ocrx_word' id='word_1_165' title='bbox 502 3413 672 3498; x_wconf 87' lang='lat' dir='ltr'><strong>materia</strong></span> <span class='ocrx_word' id='word_1_166' title='bbox 700 3409 901 3496; x_wconf 90' lang='lat' dir='ltr'><strong>rhetorica</strong></span> <span class='ocrx_word' id='word_1_167' title='bbox 926 3409 1050 3496; x_wconf 86' lang='lat' dir='ltr'><strong>infert</strong></span> <span class='ocrx_word' id='word_1_168' title='bbox 1083 3441 1228 3515; x_wconf 86' lang='lat' dir='ltr'><strong>secum</strong></span> <span class='ocrx_word' id='word_1_169' title='bbox 1250 3413 1325 3497; x_wconf 92' lang='lat' dir='ltr'><strong>in-</strong></span> 
     </span>
     <span class='ocr_line' id='line_1_26' title="bbox 256 3521 1325 3640; baseline 0.003 -32"><span class='ocrx_word' id='word_1_170' title='bbox 256 3545 536 3612; x_wconf 88' lang='lat' dir='ltr'><strong>strumentum</strong></span> <span class='ocrx_word' id='word_1_171' title='bbox 569 3556 705 3612; x_wconf 90' lang='lat' dir='ltr'><strong>suum.</strong></span> <span class='ocrx_word' id='word_1_172' title='bbox 745 3521 874 3608; x_wconf 90' lang='lat' dir='ltr'><strong>lnsert</strong></span> <span class='ocrx_word' id='word_1_173' title='bbox 904 3525 1029 3640; x_wconf 80' lang='lat' dir='ltr'><strong>igitur</strong></span> <span class='ocrx_word' id='word_1_174' title='bbox 1054 3553 1198 3610; x_wconf 92' lang='lat' dir='ltr'><strong>secum</strong></span> <span class='ocrx_word' id='word_1_175' title='bbox 1223 3556 1325 3611; x_wconf 91' lang='lat' dir='ltr'><strong>ora-</strong></span> 
     </span>
     <span class='ocr_line' id='line_1_27' title="bbox 258 3635 1326 3755; baseline 0.007 -39"><span class='ocrx_word' id='word_1_176' title='bbox 258 3635 414 3721; x_wconf 90' lang='lat' dir='ltr'><strong>tionem</strong></span> <span class='ocrx_word' id='word_1_177' title='bbox 436 3677 449 3742; x_wconf 64' lang='grc' dir='ltr'><strong><em>ς</em></strong></span> <span class='ocrx_word' id='word_1_178' title='bbox 480 3661 522 3723; x_wconf 91' lang='lat' dir='ltr'><strong>et</strong></span> <span class='ocrx_word' id='word_1_179' title='bbox 543 3639 644 3723; x_wconf 86' lang='lat' dir='ltr'><strong>haec</strong></span> <span class='ocrx_word' id='word_1_180' title='bbox 674 3637 859 3752; x_wconf 89' lang='lat' dir='ltr'><strong>proprias</strong></span> <span class='ocrx_word' id='word_1_181' title='bbox 887 3658 1059 3752; x_wconf 87' lang='lat' dir='ltr'><strong>partes:</strong></span> <span class='ocrx_word' id='word_1_182' title='bbox 1089 3639 1252 3755; x_wconf 82' lang='lat' dir='ltr'><strong>eritque</strong></span> <span class='ocrx_word' id='word_1_183' title='bbox 1279 3639 1326 3724; x_wconf 91' lang='lat' dir='ltr'><strong>in</strong></span> 
     </span>
     <span class='ocr_line' id='line_1_28' title="bbox 258 3750 1326 3838; baseline 0.008 -9"><span class='ocrx_word' id='word_1_184' title='bbox 258 3752 624 3836; x_wconf 88' lang='lat' dir='ltr'><strong>constitutionibus</strong></span> <span class='ocrx_word' id='word_1_185' title='bbox 653 3750 873 3836; x_wconf 83' lang='lat' dir='ltr'><strong>exordium</strong></span> <span class='ocrx_word' id='word_1_186' title='bbox 896 3771 940 3835; x_wconf 89' lang='lat' dir='ltr'><strong>et</strong></span> <span class='ocrx_word' id='word_1_187' title='bbox 965 3753 1144 3836; x_wconf 90' lang='lat' dir='ltr'><strong>narratio</strong></span> <span class='ocrx_word' id='word_1_188' title='bbox 1174 3771 1218 3838; x_wconf 89' lang='lat' dir='ltr'><strong>et</strong></span> <span class='ocrx_word' id='word_1_189' title='bbox 1249 3780 1326 3838; x_wconf 90' lang='lat' dir='ltr'><strong>ce-</strong></span> 
     </span>
     <span class='ocr_line' id='line_1_29' title="bbox 258 3863 1328 3951; baseline 0.007 -7"><span class='ocrx_word' id='word_1_190' title='bbox 258 3882 355 3944; x_wconf 90' lang='lat' dir='ltr'><strong>tera.</strong></span> <span class='ocrx_word' id='word_1_191' title='bbox 378 3863 463 3948; x_wconf 89' lang='lat' dir='ltr'><strong>Sed</strong></span> <span class='ocrx_word' id='word_1_192' title='bbox 484 3895 583 3949; x_wconf 93' lang='lat' dir='ltr'><strong>cum</strong></span> <span class='ocrx_word' id='word_1_193' title='bbox 614 3869 937 3950; x_wconf 87' lang='lat' dir='ltr'><strong>instrumentum</strong></span> <span class='ocrx_word' id='word_1_194' title='bbox 967 3863 1127 3951; x_wconf 81' lang='lat' dir='ltr'><strong>venerit</strong></span> <span class='ocrx_word' id='word_1_195' title='bbox 1155 3867 1200 3951; x_wconf 94' lang='lat' dir='ltr'><strong>in</strong></span> <span class='ocrx_word' id='word_1_196' title='bbox 1229 3865 1328 3951; x_wconf 89' lang='lat' dir='ltr'><strong>civi·</strong></span> 
     </span>
     <span class='ocr_line' id='line_1_30' title="bbox 256 3980 1329 4095; baseline 0.007 -37"><span class='ocrx_word' id='word_1_197' title='bbox 256 4003 341 4088; x_wconf 76' lang='lat' dir='ltr'><strong>lem</strong></span> <span class='ocrx_word' id='word_1_198' title='bbox 373 3980 691 4092; x_wconf 88' lang='lat' dir='ltr'><strong>quaestionem,</strong></span> <span class='ocrx_word' id='word_1_199' title='bbox 719 4007 890 4091; x_wconf 86' lang='lat' dir='ltr'><strong>operam</strong></span> <span class='ocrx_word' id='word_1_200' title='bbox 923 4008 1094 4095; x_wconf 81' lang='lat' dir='ltr'><strong>quoqne</strong></span> <span class='ocrx_word' id='word_1_201' title='bbox 1120 4007 1241 4066; x_wconf 86' lang='lat' dir='ltr'><strong>suam</strong></span> <span class='ocrx_word' id='word_1_202' title='bbox 1263 3981 1329 4068; x_wconf 86' lang='lat' dir='ltr'><strong>si-</strong></span> 
     </span>
    </p>
   </div>
   <div class='ocr_carea' id='block_1_3' title="bbox 0 0 1838 5334">
    <p class='ocr_par' dir='ltr' id='par_1_6' title="bbox 0 0 1838 5334">
     <span class='ocr_line' id='line_1_31' title="bbox 0 0 1838 5334; baseline 0 0"><span class='ocrx_word' id='word_1_203' title='bbox 0 0 1838 5334; x_wconf 95' lang='lat' dir='ltr'><strong> </strong></span> 
     </span>
    </p>
   </div>
  </div>
 </body>
</html>
