3630 5334
540 611 612 684 3⁰6

516 793 586 848 ests
612 773 742 844 niellam
755 778 925 864 jisrtsmee
944 776 1104 864 impetum
1130 776 1354 863 pertimesces.
1377 769 1548 868 Arripere

516 880 603 950 lsaec
633 881 697 950 tibi
727 903 853 972 agras,
887 879 1239 969 arriperefisrmnas,
1263 881 1417 969 arripere
1442 883 1546 946 etiam

518 991 551 1056 si
573 986 714 1056 libuerit
731 987 900 1078 principis
925 987 975 1052 tui
990 987 1143 1075 gretiam
1151 987 1313 1080 poteriis
1338 983 1475 1054 litteras
1494 1007 1549 1052 ve·

518 1092 639 1162 revel
676 1095 809 1184 siquam
847 1088 1058 1158 hudensex
1094 1089 1549 1158 earumstasiiisassecatus

519 1223 572 1284 es,
589 1223 678 1290 quae
696 1203 814 1266 emnia
826 1198 986 1290 beneficio
1003 1199 1172 1288 principis
1194 1201 1244 1264 tui
1256 1197 1321 1264 tibi
1337 1198 1552 1288 obtigerunt,

518 1326 590 1372 nen
619 1306 758 1394 peterit.
790 1301 877 1393 Quis
902 1300 966 1396 lsec
989 1301 1109 1368 eredat
1130 1324 1232 1391 posse
1240 1304 1424 1390 firmanam
1447 1303 1551 1391 prin·

520 1410 605 1499 cipis
624 1410 744 1500 gratia
768 1424 803 1474 te
822 1411 978 1498 privare,
1003 1405 1153 1474 datdeus
1182 1407 1351 1498 benficiis
1375 1429 1447 1476 nan
1466 1429 1551 1497 pos·

521 1507 584 1586 se?
612 1513 712 1580 Haec
735 1528 838 1602 atque
858 1509 934 1578 alia
960 1509 1193 1580 huiuamodi
1218 1537 1346 1580 mecum
1369 1527 1553 1601 reputans.

519 1632 556 1684 et
582 1621 681 1710 quasi
704 1641 779 1684 cum
805 1613 916 1682 altere
948 1613 1090 1705 loquens
1114 1615 1271 1700 decrevi,
1290 1619 1495 1707 praesertim
1519 1621 1550 1685 si

521 1721 850 1804 ἰιαιίῠίνίιίὠίειιν,
869 1723 1068 1788 vitacmeae
1089 1738 1215 1790 naam
1239 1745 1373 1790 omnem
1396 1737 1553 1805 mntem,

521 1843 557 1894 es
579 1827 705 1896 retem
726 1829 846 1896 cerens
873 1827 1028 1896 οιιιιιέόω
1051 1831 1220 1920 negociis,
1240 1843 1345 1895 comm
1362 1851 1417 1893 me
1432 1827 1553 1895 scidiis

522 1929 718 2002 litterarum
743 1929 901 2015 eadem,
918 1932 956 1996 in
977 1933 1022 1997 iis
1034 1931 1108 1998 dies
1125 1933 1304 2025 noctesque
1318 1935 1450 2000 versari
1457 1978 1469 2016 ,
1488 1931 1552 1999 lsce

522 2038 610 2107 miti
628 2039 899 2129 patrimonim
924 2035 989 2102 lsas
1000 2039 1191 2126 fintenus,
1215 2035 1278 2104 too
1304 2040 1463 2104 viaticum
1496 2062 1554 2104 se-

523 2147 665 2212 nectutis
688 2167 785 2212 meae
806 2166 956 2233 parere:
983 2145 1055 2211 iam
1076 2145 1167 2208 enim
1187 2165 1295 2210 senec
1320 2140 1405 2208 nsiisi
1436 2143 1555 2212 videor

524 2253 678 2340 quintum
699 2265 735 2318 et
755 2249 951 2340 vigesinmm
973 2251 1099 2315 aetatis
1115 2271 1245 2315 annum
1262 2251 1443 2340 ingressus.
1459 2253 1554 2320 Nem

527 2353 729 2445 quantislum
750 2371 801 2422 est
819 2353 911 2446 qued
923 2377 1093 2444 superesse
1113 2365 1244 2442 petest,
1269 2356 1375 2420 etiem
1388 2357 1421 2421 si
1436 2355 1556 2422 dietis-

525 2459 611 2524 sime
634 2453 779 2529 visam?
810 2457 915 2526 Volui
926 2472 1041 2524 temen
1061 2471 1143 2522 ente
1159 2479 1262 2546 quam
1280 2473 1313 2522 te
1331 2457 1560 2541 consulerem,

531 2559 622 2627 isene
647 2561 782 2629 vivendi
807 2563 975 2630 rationem
993 2561 1160 2651 expers'ri.
1181 2558 1303 2650 Itaque
1319 2563 1472 2651 quintum
1485 2565 1558 2628 iam

529 2687 675 2732 mensem
697 2667 747 2732 ita
775 2667 812 2732 in
836 2665 958 2732 sasdiis
986 2691 1125 2751 verser,
1148 2683 1185 2733 ut
1215 2669 1278 2734 vin·
1306 2683 1437 2735 tantum
1463 2691 1487 2734 a
1510 2667 1558 2733 li·

532 2769 606 2836 bris
630 2769 801 2853 seceslam,
822 2786 986 2861 quantum
1006 2775 1168 2862 exiguum
1185 2773 1224 2837 in
1233 2771 1424 2861 principem
1447 2795 1556 2838 meum

533 2875 728 2953 servitium,
752 2887 787 2938 et
811 2873 956 2940 curandi
979 2876 1131 2964 corporis
1166 2875 1351 2941 necessitas
1384 2878 1493 2966 cogit3
1524 2892 1559 2942 et

530 2978 709 3042 tamenim
731 2976 905 3060 valec‚ut
922 2999 993 3044 nen
1016 2975 1124 3046 sclam
1151 2979 1243 3067 qued
1266 2979 1408 3046 verebar
1421 2979 1560 3046 nonve

531 3105 603 3150 esse
630 3080 717 3148 milti
744 3084 848 3148 on'um
875 3080 1086 3173 intelligam,
1106 3081 1167 3148 sed
1195 3083 1427 3151 incredibilem
1455 3087 1559 3150 etiam

530 3188 580 3254 ad
606 3187 834 3257 valetudinem
865 3191 1017 3280 corperis
1044 3189 1219 3278 percipere
1231 3189 1389 3273 fructum
1416 3189 1560 3266 videam

529 3295 600 3362 sive
620 3311 747 3361 natura
768 3317 845 3360 mea
868 3294 953 3362 talis
977 3297 1039 3380 sit,
1060 3298 1129 3364 sive
1151 3295 1344 3364 iucunditas
1370 3299 1446 3387 ipsa
1471 3317 1561 3364 men·

532 3400 577 3464 tis
602 3414 734 3466 teritum
763 3398 814 3465 ad
838 3397 982 3466 salutem
1007 3401 1158 3490 corporis
1175 3400 1340 3487 censeret·
1367 3399 1439 3470 Sed
1464 3399 1560 3468 video

532 3508 748 3594 testegitare
769 3505 851 3597 quid
872 3503 936 3572 lsee
959 3519 1108 3594 tempore
1129 3509 1275 3595 egerime
1298 3505 1409 3572 multa
1433 3504 1563 3572 lectita·

535 3613 587 3693 vi‚
614 3609 721 3677 multa
748 3609 876 3678 didicis
903 3610 1070 3679 nonnulla
1095 3608 1280 3677 meineriae
1312 3611 1564 3692 commendari,

534 3714 653 3804 aliqua
678 3717 782 3782 ctiam
803 3717 934 3807 scripsi.
956 3715 1103 3785 illorum
1122 3719 1290 3784 rationem
1311 3718 1444 3782 mittem
1467 3714 1517 3780 ad
1530 3731 1563 3781 te

536 3818 649 3902 elias,
677 3821 714 3885 id
737 3837 787 3886 est
814 3843 888 3890 cum
913 3838 949 3890 tu
978 3821 1138 3890 iudicium
1163 3839 1254 3888 tuum
1273 3820 1322 3887 ad
1337 3847 1390 3888 me
1419 3823 1564 3912 rescrip-

531 3930 651 4012 pseris.
675 3927 772 3993 Nunc
803 3949 890 4016 quae
917 3931 1107 4014 scripserim
1131 3923 1294 4014 intellige.
1323 3923 1465 4014 Polybii
1494 3923 1561 3990 lib-
