3666 5338
543 673 585 758 54

539 852 623 926 putris
642 852 669 902 in
689 847 843 901 Phoenicem
864 855 1009 910 transgres-

541 964 585 1000 sus
602 952 669 997 esset
689 951 720 992 ut
740 949 858 991 armenta
877 934 948 988 iilius
965 951 1007 984 re-

540 1037 626 1104 gionis
636 1032 670 1086 ad
680 1032 744 1084 litus
755 1027 934 1099 compelleret,
948 1023 1009 1094 iup-

542 1125 611 1195 piter
631 1122 659 1174 iu
679 1132 785 1173 taurum
800 1129 940 1169 conversus
952 1121 1006 1162 est:

542 1227 653 1283 cumque
673 1225 701 1261 se
730 1203 854 1256 iumentis
881 1199 1007 1268 Agenoris

542 1301 609 1368 regis
629 1294 828 1350 immiscuisset.
846 1301 876 1344 ct
895 1289 923 1340 in
941 1305 1020 1378 nmo·y

543 1405 598 1440 rem
623 1385 665 1438 sui
695 1379 837 1452 spatiantis
864 1379 891 1428 iu
907 1375 1006 1427 harena

542 1475 655 1542 virgines
669 1469 808 1538 coegisset.
828 1483 857 1516 ac
877 1463 1006 1534 paulatim

542 1562 653 1630 singuiis
671 1559 802 1614 alludens,
819 1554 959 1609 novissime
976 1551 1008 1604 A.

544 1649 645 1721 generis
662 1649 759 1704 filiam.
784 1645 860 1698 cuius
883 1643 911 1696 in
935 1659 1010 1695 amo-

543 1759 597 1794 rem
625 1735 771 1808 compulsus
799 1740 930 1784 averterat
944 1730 1013 1797 irge-

545 1847 621 1884 ram,
640 1824 796 1879 insidentem
819 1819 870 1872 sihi
890 1827 963 1883 tergo
983 1814 1010 1867 in

545 1917 656 1970 insulam
667 1914 771 1967 Cretam
784 1907 898 1962 detulit,
917 1903 1008 1974 ibique

542 2006 644 2078 nuptiis
661 2003 717 2056 eius
737 1999 834 2052 iruitus
853 2007 905 2050 est·
944 2031 946 2034 -

530 2188 587 2260 149·
609 2184 737 2255 Agenoris
751 2194 777 2236 et
791 2179 885 2233 cadmi
899 2175 948 2228 iiiii
962 2175 1028 2228 eius.

581 2305 727 2427 Agenor,
743 2365 820 2425 rapta
829 2353 884 2406 iiiia
892 2353 995 2420 Europa
1006 2387 1012 2406 ,

545 2447 641 2501 iratres
658 2445 717 2498 eius
729 2442 762 2495 ad
773 2439 958 2510 requirendum
975 2454 1014 2490 se·

546 2555 631 2592 rorem
655 2533 745 2590 misit.
772 2531 916 2587 Cadmum.
944 2528 1013 2581 Cili-

547 2645 618 2684 cem.
641 2625 814 2684 Phoenicem
842 2621 880 2674 itu
905 2629 934 2671 ut
962 2617 1013 2669 nisi

546 2735 605 2771 eam
622 2714 778 2786 reperissent
801 2712 834 2762 ud
853 2728 880 2762 sc
899 2724 950 2760 uon
970 2723 1012 2757 re-

547 2812 710 2856 verterentur
737 2799 765 2851 in
791 2797 914 2870 patriam.
942 2793 1015 2847 cilix

547 2893 663 2945 diversas
680 2875 762 2960 petiit
774 2887 905 2953 regiones:
927 2885 1013 2938 novis

544 2980 609 3032 sime
619 2975 759 3032 constituit
771 2974 810 3047 (r)
823 2973 954 3035 Ciliciam
966 2987 1013 3023 nee

547 3068 634 3122 miuus
654 3065 772 3119 Phoenix
794 3081 809 3112 a
836 3079 883 3114 suo
909 3059 1014 3114 nomine

548 3156 705 3212 Phoenicen·
735 3152 850 3206 Cadmus
876 3150 1014 3220 desperata

547 3263 594 3316 spe
609 3242 713 3300 risendi
729 3238 863 3312 parentis,
883 3233 1015 3306 Apollinis

548 3332 683 3386 oraculum
699 3326 846 3394 ingreditur
857 3323 996 3377 sciscitans
1007 3357 1014 3378 .

547 3419 691 3490 inquibus
710 3412 833 3486 partibus
856 3412 929 3465 orbis
950 3429 1015 3463 cou-

549 3509 663 3562 sisteret·
680 3505 796 3574 Accepta
815 3501 905 3570 itaque
933 3508 1030 3556 sorte„

548 3607 578 3647 ut
597 3609 702 3648 saecum
727 3609 742 3642 a
770 3607 845 3658 grege
871 3598 1015 3642 secretam.

549 3669 618 3752 quae
630 3677 818 3745 iunaesigrrum
835 3674 863 3727 iu
872 3673 954 3726 latere
967 3673 1017 3725 ha·

546 3771 633 3825 beret.
650 3777 752 3834 ageret;
774 3775 801 3817 et
812 3763 857 3816 uhi
872 3761 938 3815 sessa
957 3779 1015 3833 pro·

550 3857 686 3910 cubuisset
697 3890 704 3913 .
714 3853 751 3904 ibi
764 3851 855 3905 urbem
872 3863 1000 3906 statueret
1007 3869 1016 3912 ς

823 647 1189 752 Mrrrroerr'ruus
1213 689 1238 752 1.

1063 849 1181 915 parentis
1200 864 1338 922 praecepto
1360 855 1460 911 ineam
1479 875 1529 915 ter·

1062 950 1117 984 rarn
1138 933 1260 995 devenit.
1279 958 1348 1010 ques
1364 957 1457 1014 postea
1468 949 1532 1004 Boe·

1062 1023 1117 1075 otia
1137 1024 1211 1078 dicta
1229 1039 1280 1081 est.
1298 1029 1348 1082 Hic
1358 1050 1416 1084 cum
1428 1034 1461 1086 ad
1474 1035 1528 1090 ion·

1062 1120 1114 1162 tem
1135 1113 1230 1168 Martis
1243 1118 1327 1171 socios
1345 1132 1472 1188 aquatum
1487 1125 1532 1175 mi·

1062 1203 1152 1260 sisset,
1170 1213 1197 1256 et
1217 1205 1273 1275 ipse
1290 1218 1351 1277 post
1371 1209 1428 1263 ilios
1447 1213 1532 1266 venis·

1063 1301 1121 1347 set.
1142 1291 1245 1346 invenit
1260 1312 1304 1347 eos
1321 1296 1462 1352 adracone
1472 1317 1533 1354 con·

1061 1393 1187 1451 sumptos·
1206 1383 1284 1452 Quod
1301 1383 1350 1437 ubi
1369 1385 1456 1446 vidit,
1481 1407 1532 1443 ser·

1060 1458 1166 1540 pentem
1194 1472 1351 1532 interemit.
1385 1489 1412 1531 et
1440 1478 1532 1532 dentes

1063 1561 1121 1614 eius
1139 1562 1244 1616 evulsos
1262 1564 1347 1616 sevit:
1375 1584 1407 1618 ex
1433 1567 1532 1636 quibus

1066 1647 1212 1703 multitudo
1225 1661 1383 1704 armatorum
1397 1653 1532 1721 gignitur;

1068 1755 1137 1808 quae
1158 1740 1225 1792 inter
1244 1757 1271 1792 se
1297 1739 1440 1794 domestico
1465 1742 1533 1798 beiio

1065 1826 1207 1892 confligens
1226 1828 1355 1880 concidit:
1375 1827 1414 1880 ita
1442 1842 1472 1884 ut
1500 1849 1532 1884 ex

1061 1929 1094 1965 ea
1123 1913 1297 1968 multitudine
1324 1915 1443 1986 quinque
1469 1928 1532 1971 tru-

1065 2013 1122 2054 sum
1141 2003 1192 2056 viri
1212 2004 1436 2075 relinquerentur,
1454 2010 1533 2080 quia

1066 2093 1202 2146 Minervae
1221 2092 1358 2148 voluntate
1382 2097 1533 2151 condendae

1066 2183 1128 2234 urbi
1140 2182 1290 2237 Thebarum
1301 2183 1400 2238 Cadmo
1412 2186 1477 2240 socii
1488 2187 1535 2239 ad·

1066 2267 1117 2322 diti
1137 2280 1208 2321 sunt·
1221 2269 1338 2338 Quorum
1351 2272 1459 2326 nomint
1471 2285 1533 2326 suut

1067 2358 1146 2409 hoec:
1167 2357 1281 2413 Echion.
1300 2357 1409 2419 idaeus.
1427 2361 1533 2414 Chtho-

1068 2451 1130 2502 nius
1137 2451 1187 2520 (2)‚
1196 2450 1310 2508 Pelorus.
1320 2449 1533 2522 Hyperbion(3).

1101 2623 1157 2679 150·
1178 2624 1272 2677 Cadmi
1291 2636 1320 2680 et
1336 2627 1504 2683 Hermionae.

1103 2743 1245 2856 Cadmus
1255 2801 1382 2868 Agenoris
1392 2801 1461 2854 filius
1468 2814 1537 2872 post·

1068 2902 1148 2954 quam
1168 2886 1330 2956 inspectator
1345 2905 1452 2940 suarum
1471 2892 1536 2941 cala·

1067 2973 1189 3026 miratum
1208 2975 1297 3032 iuerat
1314 2977 1341 3028 in
1359 2981 1433 3032 exitu
1453 2997 1536 3050 nepo·

1069 3069 1138 3116 tum,
1158 3078 1265 3131 peresus
1283 3063 1433 3117 Thebarum
1448 3066 1536 3124 sedes,

1069 3167 1128 3200 cunr
1146 3147 1287 3204 Hermiona
1301 3151 1412 3205 Veneris
1427 3163 1454 3207 et
1468 3154 1537 3204 Mar-

1071 3236 1106 3288 tis
1123 3235 1192 3292 iilia,
1207 3238 1317 3306 coniuge
1335 3240 1432 3296 sua‚in
1452 3239 1536 3308 illyri·

1070 3338 1113 3374 cos
1131 3325 1204 3374 sinus
1223 3324 1347 3394 profugit.
1370 3325 1414 3377 ihi
1439 3345 1455 3377 a
1484 3326 1537 3380 diis

1069 3409 1154 3480 petita
1167 3411 1259 3468 venis,
1272 3423 1303 3465 ut
1314 3412 1340 3464 in
1352 3413 1473 3465 draconis
1481 3429 1537 3484 spe·

1072 3499 1139 3551 ciem
1157 3512 1371 3557 converteretur.
1390 3503 1438 3571 qui
1458 3503 1537 3556 initio

1071 3586 1133 3637 maii
1154 3603 1231 3640 eausa
1252 3587 1321 3652 iuit3
1341 3599 1403 3642 vota
1415 3599 1477 3641 sunt
1491 3589 1539 3640 irn-

1070 3673 1155 3744 pietn,
1169 3685 1196 3728 et
1207 3674 1235 3728 in
1248 3685 1379 3747 serpentes
1394 3675 1470 3729 ambo
1484 3693 1538 3732 ver·

1068 3761 1092 3813 si
1112 3771 1182 3816 suut·

544 4049 583 4115 (ι)
596 4055 633 4094 ru
645 4047 693 4094 eod·
726 4043 836 4109 (2)ced.
855 4041 989 4096 cromerus.
1019 4042 1060 4108 (3)
1078 4045 1227 4106 Apollodorus
1246 4051 1293 4093 111·
1311 4043 1495 4120 h‘irmpdmpi
