3630 5334
543 591 613 660 322
915 609 1190 660 rorrnrr
1274 627 1278 635 ·

506 752 706 840 orationis
739 771 915 866 partes,
949 748 1098 837 frustra
1128 771 1239 838 sunt.
1269 751 1406 838 Huius
1436 773 1577 843 autem

509 865 720 952 facultatis
747 867 917 950 effector
942 887 1080 950 orator
1109 887 1207 960 est,
1242 866 1359 950 cuius
1389 887 1452 951 est
1480 865 1581 950 offi-

511 979 628 1066 cium
654 977 793 1064 dicere
826 981 1014 1092 apposite
1048 977 1102 1063 ad
1127 979 1450 1092 persuasionem.
1489 975 1494 986 '

567 1091 595 1178 8
623 1091 739 1178 Finis
757 1113 850 1176 tum
867 1092 913 1176 in
935 1093 1053 1206 ipsc,
1074 1114 1166 1176 tum
1187 1093 1232 1175 in
1252 1092 1396 1176 altero.
1420 1093 1469 1177 In
1490 1093 1582 1206 ipso

510 1204 716 1324 quidem,
739 1228 787 1291 ut
814 1205 923 1290 bene
957 1203 1142 1302 dixisse,
1172 1204 1217 1288 id
1242 1227 1305 1291 est
1334 1203 1486 1292 dixisse
1514 1235 1584 1318 ap-

510 1319 647 1434 posite
678 1317 733 1402 ad
760 1321 1102 1432 persuasionem:
1125 1321 1168 1404 in
1190 1319 1321 1402 altero
1348 1348 1448 1405 vero
1463 1377 1477 1423 ,
1491 1349 1583 1434 per·

508 1431 695 1522 suasisse.
717 1427 869 1549 Neque
890 1434 1002 1516 enim
1035 1433 1158 1551 siqua
1181 1430 1416 1544 impediant
1444 1453 1580 1516 orato-

509 1574 601 1632 rem
626 1544 856 1662 quominus
893 1545 1167 1659 persuadeat‚
1204 1543 1315 1628 sacto
1338 1543 1478 1630 officio
1500 1603 1514 1650 ,
1535 1542 1583 1628 fi·

511 1659 575 1744 nis
597 1688 681 1741 non
702 1679 766 1744 est
785 1679 1045 1744 consecutus·
1072 1661 1157 1744 Sed
1176 1660 1210 1744 is
1233 1659 1307 1775 qui
1327 1657 1468 1743 officio
1490 1662 1581 1776 qui·

512 1770 612 1859 dem
644 1769 726 1856 fuit
756 1772 977 1886 contignus
1015 1791 1058 1857 et
1085 1793 1322 1886 cognatus,
1353 1775 1585 1888 consequi-

513 1905 586 1971 tnr
606 1942 621 1989 ‚
642 1883 754 1970 facto
773 1883 912 1968 officio
935 1923 946 1988 ς
971 1886 1005 1971 is
1027 1915 1125 1972 vero
1150 1887 1227 2001 qui
1250 1889 1363 1970 extra
1387 1907 1480 1988 est,
1501 1916 1586 1970 sae·

513 2027 568 2112 pe
590 2029 676 2084 non
701 1999 981 2114 consequitur.
1001 1997 1152 2117 Neque
1177 2019 1315 2082 tamen
1337 1997 1585 2082 rhetoricam

514 2141 591 2198 suo
625 2107 711 2197 fine
736 2133 1011 2217 contentam,
1040 2111 1197 2198 honore
1231 2111 1440 2222 vacuabit·
1471 2112 1585 2195 Haec

515 2225 690 2358 quidem
713 2227 770 2309 ita
783 2245 882 2309 sunt
897 2226 1057 2328 mixta,
1082 2247 1131 2310 ut
1152 2226 1355 2310 rhetorica
1376 2224 1476 2308 insit
1496 2255 1584 2338 spe·

516 2338 687 2444 erebus,
706 2339 862 2451 species
878 2369 977 2424 vero
987 2339 1116 2426 insint
1134 2337 1361 2422 rhetoricae
1384 2335 1463 2456 (1).
1477 2338 1584 2424 Cau-

514 2481 653 2538 sanrm
676 2471 819 2536 autem
840 2471 980 2564 partes
1004 2471 1135 2538 status
1159 2481 1246 2535 esse
1267 2450 1503 2556 dicuntur,
1530 2451 1584 2537 de

517 2565 674 2684 quibus
683 2563 765 2648 hoc
786 2563 915 2650 modo
927 2561 1237 2762 dispiciendum
1257 2585 1333 2650 est·
1355 2563 1585 2673 Quomodo

516 2677 630 2762 enim
644 2697 782 2790 partes
794 2706 882 2762 esse
898 2698 1003 2792 puta
1034 2700 1161 2763 untur
1178 2707 1324 2762 causae
1337 2735 1350 2780 ‚
1365 2684 1401 2764 si
1419 2681 1475 2764 ita
1497 2708 1588 2792 par·

516 2815 579 2877 tes
592 2811 644 2874 ut
658 2791 837 2903 species?
849 2791 1066 2906 quomodo
1086 2786 1177 2876 fieri
1198 2810 1419 2903 potest,nt
1437 2792 1481 2876 in
1501 2823 1586 2878 nna

517 2933 640 2990 causa
662 2903 802 3015 plures
830 2905 1149 2990 constitutiones
1171 2904 1287 2988 sint?
1314 2935 1410 2988 nam
1428 2907 1585 3020 species

515 3016 686 3102 sibimet
709 3018 996 3130 impermixtae
1020 3039 1131 3104 sunt
1154 3015 1210 3101 At
1233 3017 1406 3102 veniunt
1428 3019 1471 3102 in
1494 3047 1586 3103 cau·

516 3159 606 3217 sam
635 3128 840 3244 plurimae
868 3131 1212 3216 constitutiones:
1235 3161 1320 3215 non
1341 3155 1439 3217 sunt
1461 3132 1589 3245 igitur

517 3264 654 3358 partes
687 3273 937 3348 causarum,
968 3245 1092 3331 velut
1112 3245 1269 3359 species
1296 3265 1440 3330 status.
1476 3243 1589 3329 Illud

519 3387 692 3492 quoque
723 3357 841 3473 quod
864 3358 979 3442 nulla
1006 3360 1164 3472 species
1198 3359 1321 3441 aliam
1350 3358 1431 3442 sibi
1459 3387 1591 3470 oppo-

518 3491 643 3558 srtam
668 3470 848 3583 speciem
879 3469 934 3554 ad
967 3473 1244 3558 substantiam
1271 3471 1397 3556 iuvat
1425 3472 1593 3558 Consti-

518 3584 631 3667 tutio
652 3613 748 3668 vero
772 3584 1115 3670 constitutionem
1137 3581 1357 3670 confirmat
1373 3583 1427 3668 ad
1442 3579 1588 3668 fidem·
1643 3629 1648 3640 ·

519 3694 611 3780 Nec
654 3727 751 3780 vero
782 3694 872 3781 fieri
906 3719 1044 3810 potest
1080 3721 1128 3782 ut
1159 3701 1216 3783 ita
1255 3698 1336 3784 sint
1370 3727 1590 3782 causarum

593 3985 735 4060 (1)Dccst
757 3985 786 4038 in
807 3985 864 4040 cod·
879 3984 1046 4038 rhetoricae.
