3546 5330
659 661 920 714 cnosssn.
1194 641 1272 740 499

277 811 505 916 Suppliciter
539 819 689 914 legonus
713 830 751 889 et
771 819 1019 918 supplicanter
1032 872 1048 902 ,
1073 821 1161 918 quia
1188 823 1299 892 nomi·

328 961 376 1010 na
400 963 496 1039 quae
521 943 557 1012 in
593 942 625 1009 ·i·
645 937 783 1039 finiunt
808 939 925 1014 dativo
945 997 960 1026 ,
982 953 1134 1041 accepta
1158 939 1298 1041 syllaba

332 1071 428 1143 ter,
442 1055 787 1158 adverbiasacinnt,
800 1073 840 1130 ut
855 1063 1067 1162 suppliciter
1082 1062 1236 1158 agiliter.
1252 1059 1300 1134 Si

331 1199 415 1248 vero
436 1174 537 1250 dicas
557 1173 644 1251 hauc
666 1181 907 1279 supplicasti,
924 1191 1043 1279 potest
1053 1177 1146 1278 steri
1161 1183 1298 1280 suppli-

329 1309 457 1369 canter
470 1321 545 1398 pro
567 1295 729 1369 adverbii
751 1289 934 1398 qualitate.
961 1297 1065 1396 Ergo
1083 1295 1171 1374 huic
1188 1324 1296 1402 prae·

329 1417 454 1517 cipiti,
473 1419 700 1518 praecipiter
711 1415 886 1518 faceret,
904 1421 1012 1489 iuncta
1030 1420 1197 1514 regulam
1214 1443 1295 1518 sup

323 1537 500 1636 pliciter:
525 1535 591 1610 sed
611 1539 698 1638 quia
726 1533 943 1638 euphoniam
967 1533 1119 1638 (stendit
1132 1592 1149 1622 ,
1170 1539 1295 1610 nselius

322 1657 610 1757 praecipitanter
635 1653 787 1729 dicimus
810 1679 920 1756 quam
943 1655 1181 1756 praecipiter.

277 1770 505 1875 Spondolus,
524 1789 576 1850 est
594 1773 835 1848 internodium
853 1779 891 1846 in
910 1778 1013 1874 spina
1033 1773 1133 1849 dorsi
1150 1777 1206 1846 cel
1223 1777 1295 1846 imo

324 1893 484 1969 eiusdem
506 1899 661 1998 spinae,
686 1893 787 1996 quod
810 1916 941 1966 nonaen
966 1907 1018 1968 est
1040 1919 1094 1968 ex
1116 1893 1266 1968 desertis
1280 1950 1295 1980 ,

323 2013 390 2088 sed
410 2040 464 2088 ex
486 2011 717 2111 vulgaribus,
743 2017 808 2116 qui
828 2027 947 2085 tomen
970 2015 1073 2086 locus
1093 2011 1180 2086 dans
1197 2012 1294 2086 debi-

325 2137 448 2208 litatus
471 2132 652 2208 interdum
678 2139 759 2209 exit
782 2149 817 2208 et
838 2139 992 2222 andnet,
1018 2147 1142 2208 tumes.

240 2251 522 2356 ‘Sapphirmus
546 2255 762 2344 scribimus,
785 2261 872 2359 quia
904 2259 996 2358 lapis
1022 2251 1217 2357 sapphirus
1243 2255 1294 2324 dt·

326 2376 443 2446 citior.

274 2487 486 2588 Suggdlare
502 2548 517 2578 ,
542 2507 594 2566 est
619 2495 785 2590 regulam
806 2495 1086 2590 constringere,
1112 2491 1292 2592 quomodo

323 2609 476 2686 dicimus
495 2615 734 2709 strangsdcre.
762 2609 928 2709 Suggillo
949 2613 1105 2684 astitum
1119 2663 1134 2694 ,
1159 2611 1290 2706 suggil-
1386 2633 1390 2644 ·

323 2733 383 2804 lor
402 2735 593 2833 passivum.

270 2844 453 2935 Senam,
478 2873 571 2926 unus
595 2863 631 2923 et
656 2875 761 2926 verus
785 2873 956 2922 romamas
979 2872 1002 2920 a
1029 2861 1210 2922 senectute
1229 2875 1292 2950 cp-

319 2971 475 3070 pellotus
497 2996 521 3042 a
544 2967 698 3043 Romtdo
708 3023 725 3058 ,
749 2971 815 3072 qui
835 2971 889 3042 uel
900 2965 1075 3070 fimdcvit
1099 2971 1153 3038 oel
1181 2973 1290 3039 auxit

322 3087 483 3162 Romam
497 3087 574 3162 Hic
591 3089 699 3186 elegit
712 3085 759 3160 de
771 3089 942 3160 exercitat
956 3109 1022 3159 suo
1035 3088 1195 3158 seniores
1210 3109 1291 3158 cen-

322 3220 396 3282 tum
421 3233 514 3312 quos
543 3221 727 3282 senatores
756 3207 957 3310 appellant.
994 3205 1180 3279 utemur
1213 3209 1291 3306 qui·

321 3323 402 3400 dem
417 3341 453 3400 et
472 3339 677 3402 ceterarum
695 3330 877 3404 civuatun
895 3336 1078 3398 senatores
1097 3327 1225 3396 curiae
1242 3349 1289 3398 aa

318 3451 532 3548 priamipes;
556 3445 683 3522 sedin
705 3443 775 3522 hoc
800 3451 838 3520 in
863 3447 1021 3547 antiquis
1047 3455 1193 3516 senator
1217 3442 1292 3519 dici

321 3591 394 3640 non
418 3581 568 3668 potest,
601 3571 671 3642 nisi
704 3571 769 3670 qui
793 3571 831 3640 in
858 3570 964 3642 curia
993 3589 1144 3639 romana
1153 3562 1288 3668 fiserit.

321 3687 422 3764 Nam
451 3687 695 3790 primordines
725 3692 780 3763 vel
805 3685 1088 3791 plurimas-dines
1117 3684 1289 3760 dicatum

321 3810 499 3898 illustress
525 3807 696 3895 secanti,
720 3805 953 3910 31960ῑαῦΜῖ
979 3809 1108 3892 mals
1134 3807 1287 3880 dalmi·
1313 3805 1473 3918 33:352

320 3931 378 4000 mi.
393 3927 820 4032 Iasssirfferiusquartum
830 3923 1101 4029 atiquodgenas
1113 3927 1284 4000 contest.
1311 3935 1472 4040 {gama

925 4093 1019 4165 32*
