3638 5332
667 653 672 668 '
689 671 964 724 comunimus.

1245 653 1306 742 341

337 821 368 879 18
388 825 477 880 litere
497 839 559 880 vero
582 821 650 878 eseli
674 837 786 876 oonrer·
842 833 970 891 angetur.
988 833 1019 878 ot
1043 820 1244 896 qomodecirno
1264 824 1331 884 die.

297 915 338 970 sio
351 911 781 986 est.qnenrnobisplenetsrurn.
840 921 899 966 toto
919 912 979 965 'ism
1009 915 1146 985 superiore
1172 911 1331 986 hmisperio

295 1001 378 1056 idest
390 1001 536 1055 errantium
549 999 783 1058 sincerrimam
839 997 951 1054 decom
972 1035 981 1058 .
1000 1000 1058 1072 ipso
1083 1001 1185 1056 soleio
1206 1017 1332 1055 octeeom

293 1091 456 1144 demonstret
478 1107 487 1154 3
510 1106 581 1160 quse
604 1090 727 1160 quemvis
755 1088 782 1142 in
838 1086 958 1141 demerso
976 1089 1054 1159 pleno
1072 1089 1101 1141 in
1114 1088 1217 1144 oriente
1228 1088 1331 1160 lemps-

296 1182 368 1236 eaelo
381 1199 435 1236 non
454 1180 510 1235 sint
531 1181 646 1239 iniisse,
666 1181 713 1234 sed
730 1181 782 1236 sub
839 1173 873 1228 de
889 1176 1031 1244 procedere
1050 1176 1181 1230 videntur.

291 1271 363 1326 eaelo
382 1282 411 1325 et
427 1279 521 1324 contre
537 1268 782 1329 coelumiersntnr.
876 1279 909 1337 19
926 1265 1043 1318 Desolis
1057 1277 1145 1320 sutem
1157 1281 1204 1337 per
1216 1265 1328 1320 eandem

292 1377 369 1414 neno
390 1369 479 1412 tamen
507 1373 552 1412 ers
574 1355 684 1412 dubitat
713 1357 781 1410 eseli
838 1351 909 1404 viem
927 1369 1023 1412 eursu,
1042 1352 1071 1405 id
1083 1363 1123 1406 cst
1136 1371 1183 1423 per
1191 1352 1329 1406 zodiacum

291 1448 380 1500 sidero
390 1444 534 1500 nominare.
545 1443 601 1498 lloc
618 1441 711 1513 itaque
727 1459 782 1496 cae·
836 1444 929 1511 cquis
937 1443 1071 1511 signoruni
1085 1442 1161 1494 ilii·
1176 1441 1274 1514 spatiis
1286 1439 1328 1496 ‹li-

291 1535 346 1586 lurn
358 1569 365 1592 ‚
378 1550 432 1603 qno
450 1530 512 1586 illae
529 1528 665 1588 feruntur.
676 1535 781 1584 sireurn
835 1547 954 1586 mensum
964 1531 1099 1600 ,quonism
1108 1530 1231 1586 omnibus
1242 1529 1282 1586 vel
1291 1541 1329 1584 te·

290 1619 368 1673 multi
385 1629 501 1682 vocem
520 1617 582 1672 licet
601 1617 638 1672 sit
659 1616 781 1670 horrere
836 1619 1327 1692 nuemeornpntietastrologieescien·

290 1709 339 1776 qui
355 1705 444 1758 ovium
461 1703 565 1758 volatus
583 1705 721 1762 sustinet.
740 1703 780 1758 si·
836 1705 903 1760 tiam
925 1705 1090 1762 habentibus
1113 1725 1155 1762 res
1173 1718 1238 1764 nott
1257 1719 1298 1762 est
1314 1744 1326 1766 ο

289 1803 336 1846 cot
353 1803 448 1846 nature
466 1792 549 1846 multo
565 1789 725 1847 sublimius.
741 1789 781 1843 its
836 1797 999 1868 superfluum
1013 1815 1070 1850 reor
1091 1795 1197 1867 aliquid
1216 1796 1326 1852 dicere.

292 1881 494 1955 incomplrssllll
510 1881 631 1952 puritate
648 1878 780 1932 lueldltlsl
835 1885 886 1939 Sed
898 1903 984 1956 neque
996 1885 1029 1940 de
1039 1885 1149 1956 reliquis
1163 1887 1210 1939 ov.
1220 1923 1227 1945 ‚
1236 1887 1326 1940 Satur.

291 1972 367 2026 euius
387 1969 524 2025 conversio
545 1977 640 2022 contra
659 1963 726 2018 illud
738 1981 780 2018 δῦ·
835 1974 864 2024 ni
883 1972 987 2026 seilicet
1000 1972 1094 2030 steila.
1112 1972 1239 2030 enoris,
1253 1974 1324 2027 Mer·

290 2060 380 2132 peries
402 2057 437 2112 ab
454 2075 549 2114 occasu
572 2072 673 2128 semper
699 2057 731 2108 iit
750 2053 779 2106 in
834 2057 893 2118 tis.
911 2069 941 2114 et
959 2059 1071 2113 Veneris
1090 2095 1098 2116 ‚
1117 2069 1200 2129 etque
1217 2059 1327 2113 Mercu-

289 2147 417 2203 orientem
439 2181 448 2202 ‚
474 2143 650 2198 meridianem
676 2141 779 2196 scilicet
834 2147 892 2205 rii.
918 2145 999 2199 ollem
1021 2144 1183 2200 mentionem
1208 2145 1323 2204 locere.

288 2237 393 2308 plegem
412 2233 581 2291 intuentihus
600 2251 618 2286 n
636 2232 731 2286 dextre
750 2230 778 2284 in
833 2233 979 2306 quiequam
994 2233 1030 2286 sd
1046 2233 1177 2306 hocopus
1190 2234 1308 2308 pertinet
1317 2257 1329 2304 ς

287 2322 431 2378 sinistram·
441 2321 563 2392 Denique
572 2319 646 2391 quod
661 2318 734 2390 ipsse
744 2321 778 2372 si·
834 2334 941 2396 praeter
959 2324 994 2378 ad
1014 2324 1066 2378 hoe
1087 2334 1193 2378 tentore
1213 2324 1325 2378 demon-

288 2424 335 2466 cut
346 2422 375 2467 et
390 2423 478 2466 cetere
496 2428 544 2482 per
558 2410 656 2462 diurno
674 2405 716 2462 rel
727 2425 778 2462 no·
831 2411 971 2466 mnodum
990 2448 998 2470 .
1015 2410 1089 2482 qood
1114 2410 1246 2478 compcloo
1267 2409 1324 2464 cir-

287 2511 382 2554 ctnrne
400 2500 490 2572 spotia
510 2496 546 2552 ob
565 2497 668 2553 oriente
686 2513 780 2568 proce·

290 2588 354 2642 «lere
368 2598 396 2642 et
411 2588 439 2642 in
455 2605 578 2642 occasum
597 2585 671 2653 vergi
687 2585 779 2639 viden-

288 2687 355 2736 tur.
374 2676 438 2730 inde
448 2677 479 2730 fit
493 2711 502 2734 ‚
514 2675 588 2746 quod
597 2674 779 2730 vehementior

286 2767 401 2822 ueneris
419 2763 573 2820 volubilius
589 2781 635 2819 ess
647 2763 720 2819 velut
733 2763 778 2818 in-

285 2857 355 2910 ritos
371 2872 460 2910 secum
479 2854 584 2919 trahite
602 2855 674 2926 ipsse
687 2868 776 2911 temen

286 2941 425 2996 momentis
438 2940 561 2995 omnibns
571 2941 601 2995 in
613 2943 776 2996 contricione

286 3035 365 3101 qussi
385 3030 645 3098 retrogradiuntur:
660 3029 734 3101 quoti
747 3031 775 3084 in

287 3121 349 3175 lons
368 3157 376 3179 .
395 3139 465 3192 quse
483 3139 517 3176 ex
537 3121 591 3176 illis
615 3132 715 3192 septem
730 3121 776 3176 in-

285 3213 345 3264 ilrne
363 3221 391 3266 et
405 3221 492 3264 terroe
508 3209 629 3282 proxime
646 3210 773 3266 minorem

228 3291 235 3302 ’
282 3299 406 3355 omnious
426 3298 557 3353 circulum
577 3309 606 3354 et
627 3300 689 3354 ideo
702 3299 772 3354 eelo-

282 3387 376 3440 riorenr
394 3397 512 3458 pertnent
528 3404 634 3441 cursum
653 3424 661 3444 .
684 3387 772 3440 meni-

280 3470 450 3524 festissimum
469 3483 530 3530 est,
550 3488 611 3524 curn
629 3489 698 3526 nors
716 3472 771 3524 eir-

281 3573 312 3609 es
330 3557 394 3612 solis
419 3575 539 3614 oceasum
562 3559 609 3613 vix
633 3571 771 3632 opperet.

280 3646 403 3716 sequenti
413 3663 521 3718 vespere
532 3647 584 3700 ianr
595 3647 710 3702 lucidior
719 3665 771 3702 rns·

281 3735 321 3802 gis
340 3735 374 3788 alr
391 3735 529 3789 occidente
550 3735 770 3808 reensioitque

278 3823 325 3876 irie
347 3823 405 3878 eins
424 3821 460 3876 sb
481 3840 575 3878 occaso
588 3843 703 3880 reserem
722 3843 770 3880 ee-

279 3912 342 3984 quis
361 3909 463 3966 cotidie
489 3911 585 3984 spatiis
612 3912 641 3966 in
664 3924 770 3968 tanturn

833 2499 925 2556 cuitus
944 2500 1063 2555 siderum
1081 2497 1192 2553 tibimet
1217 2497 1325 2554 adverti

833 2601 1024 2661 cognoscentur
1041 2625 1049 2649 .
1066 2589 1133 2644 lrsee
1153 2599 1253 2661 wien
1268 2588 1323 2645 loci

833 2682 888 2737 situ
910 2681 1054 2740 inieriori.
1072 2694 1101 2737 et
1117 2679 1238 2738 omnibus
1259 2681 1322 2740 ollis

832 2769 967 2824 contrario
984 2787 1063 2824 curso
1083 2769 1176 2838 regeri
1196 2808 1204 2831 .
1222 2767 1257 2822 sb
1277 2769 1322 2824 his

832 2859 881 2930 qni
903 2859 1045 2927 diligenter
1063 2857 1211 2930 inspiciunt
1224 2894 1232 2918 ‚
1246 2875 1320 2914 corn-

830 2945 990 3019 probentur.
998 2945 1112 3016 Oportet
1127 2942 1211 3012 igitur
1225 2943 1254 2997 in
1270 2943 1321 3000 hoc

829 3032 887 3088 loco
904 3031 943 3086 rei
957 3031 1099 3085 veritstenr
1119 3031 1216 3086 sorites
1229 3030 1320 3086 inten-

828 3119 907 3178 dere,
925 3118 1036 3173 echone
1050 3117 1243 3190 philosophicis
1259 3117 1321 3173 ion·

828 3225 860 3276 pe
878 3222 1001 3278 seperare
1017 3205 1168 3272 figmentiss
1189 3214 1221 3259 nt
1239 3203 1318 3258 istem

828 3293 895 3348 coeli
921 3309 952 3346 se
977 3291 1094 3346 siderum
1117 3289 1266 3346 mirabilem
1289 3291 1319 3346 in

827 3379 931 3436 diverse
965 3379 1228 3435 circumvolutionem
1264 3398 1319 3435 non

827 3467 933 3534 ignotae
942 3463 1020 3520 nobis
1030 3465 1123 3520 muntii
1138 3465 1259 3523 enimse.
1269 3467 1318 3520 sed

825 3555 1015 3626 omnipotentie
1034 3555 1083 3609 Dei
1107 3553 1237 3610 ineffabili
1256 3556 1316 3610 lieri

825 3646 928 3702 virtute
940 3645 1088 3700 credemus·
1098 3643 1166 3700 Sene
1183 3645 1257 3715 quod
1268 3645 1315 3698 ills

825 3735 913 3788 enims
937 3734 1038 3788 dicitur
1058 3745 1076 3767 ⁸⁸
1093 3732 1121 3786 in
1138 3741 1221 3786 semet
1238 3729 1315 3786 redi-

826 3837 887 3882 ture
903 3836 975 3880 mest
990 3859 1006 3884 ..
1025 3823 1076 3878 lroe
1094 3821 1228 3890 significat
1240 3819 1314 3892 quod

824 3915 910 3971 omnis
924 3913 968 3968 iile
982 3921 1067 3968 notus
1085 3928 1132 3983 per
1143 3908 1312 3966 eosdemeir-
