<?xml version="1.0" encoding="UTF-8"?>
<!DOCTYPE html PUBLIC "-//W3C//DTD XHTML 1.0 Transitional//EN"
    "http://www.w3.org/TR/xhtml1/DTD/xhtml1-transitional.dtd">
<html xmlns="http://www.w3.org/1999/xhtml" xml:lang="en" lang="en">
 <head>
  <title>
</title>
<meta http-equiv="Content-Type" content="text/html;charset=utf-8" />
  <meta name='ocr-system' content='tesseract 3.04.00' />
  <meta name='ocr-capabilities' content='ocr_page ocr_carea ocr_par ocr_line ocrx_word'/>
</head>
<body>
  <div class='ocr_page' id='page_1' title='image "./classicorumauct01vatigoog_0274.png"; bbox 0 0 3660 5358; ppageno 0'>
   <div class='ocr_carea' id='block_1_1' title="bbox 620 644 936 718">
    <p class='ocr_par' dir='ltr' id='par_1_1' title="bbox 620 644 936 718">
     <span class='ocr_line' id='line_1_1' title="bbox 620 644 936 718; baseline -0.003 -4"><span class='ocrx_word' id='word_1_1' title='bbox 620 648 677 718; x_wconf 84' lang='lat' dir='ltr'>DE</span> <span class='ocrx_word' id='word_1_2' title='bbox 704 644 936 713; x_wconf 63' lang='lat' dir='ltr'>ll&#39;OlrLlNE·</span> 
     </span>
    </p>
   </div>
   <div class='ocr_carea' id='block_1_2' title="bbox 265 814 764 3947">
    <p class='ocr_par' dir='ltr' id='par_1_2' title="bbox 265 814 761 3601">
     <span class='ocr_line' id='line_1_2' title="bbox 265 814 747 885; baseline -0.006 -16"><span class='ocrx_word' id='word_1_3' title='bbox 265 815 411 884; x_wconf 74' lang='lat' dir='ltr'>designatio</span> <span class='ocrx_word' id='word_1_4' title='bbox 420 827 472 870; x_wconf 85' lang='lat' dir='ltr'>est.</span> <span class='ocrx_word' id='word_1_5' title='bbox 486 814 607 885; x_wconf 83' lang='lat' dir='ltr'>Orpbeus</span> <span class='ocrx_word' id='word_1_6' title='bbox 619 816 688 868; x_wconf 80' lang='lat' dir='ltr'>enim</span> <span class='ocrx_word' id='word_1_7' title='bbox 701 834 747 884; x_wconf 89' lang='lat' dir='ltr'>op·</span> 
     </span>
     <span class='ocr_line' id='line_1_3' title="bbox 266 906 747 974; baseline -0.008 -14"><span class='ocrx_word' id='word_1_8' title='bbox 266 909 328 960; x_wconf 90' lang='lat' dir='ltr'>timu</span> <span class='ocrx_word' id='word_1_9' title='bbox 346 925 396 960; x_wconf 81' lang='lat' dir='ltr'>ror</span> <span class='ocrx_word' id='word_1_10' title='bbox 412 917 443 959; x_wconf 90' lang='lat' dir='ltr'>nt</span> <span class='ocrx_word' id='word_1_11' title='bbox 454 906 569 958; x_wconf 80' lang='lat' dir='ltr'>diximus</span> <span class='ocrx_word' id='word_1_12' title='bbox 590 906 747 974; x_wconf 80' lang='lat' dir='ltr'>iuterpreta-</span> 
     </span>
     <span class='ocr_line' id='line_1_4' title="bbox 265 993 749 1062; baseline -0.008 -16"><span class='ocrx_word' id='word_1_13' title='bbox 265 1007 307 1047; x_wconf 92' lang='lat' dir='ltr'>tur</span> <span class='ocrx_word' id='word_1_14' title='bbox 322 1023 330 1062; x_wconf 85' lang='lat'>3</span> <span class='ocrx_word' id='word_1_15' title='bbox 347 993 478 1060; x_wconf 76' lang='lat' dir='ltr'>Eurydice</span> <span class='ocrx_word' id='word_1_16' title='bbox 498 993 627 1062; x_wconf 84' lang='lat' dir='ltr'>proluudu</span> <span class='ocrx_word' id='word_1_17' title='bbox 644 993 749 1060; x_wconf 81' lang='lat' dir='ltr'>diiudi-</span> 
     </span>
     <span class='ocr_line' id='line_1_5' title="bbox 265 1078 749 1148; baseline -0.006 -16"><span class='ocrx_word' id='word_1_18' title='bbox 265 1081 344 1133; x_wconf 83' lang='lat' dir='ltr'>cutio-</span> <span class='ocrx_word' id='word_1_19' title='bbox 356 1080 429 1131; x_wconf 81' lang='lat' dir='ltr'>lluuc</span> <span class='ocrx_word' id='word_1_20' title='bbox 438 1080 559 1148; x_wconf 76' lang='lat' dir='ltr'>Orpheus</span> <span class='ocrx_word' id='word_1_21' title='bbox 570 1115 577 1135; x_wconf 89' lang='lat'>.</span> <span class='ocrx_word' id='word_1_22' title='bbox 590 1079 617 1132; x_wconf 89' lang='lat' dir='ltr'>id</span> <span class='ocrx_word' id='word_1_23' title='bbox 632 1089 672 1132; x_wconf 87' lang='lat' dir='ltr'>cst</span> <span class='ocrx_word' id='word_1_24' title='bbox 685 1078 749 1148; x_wconf 87' lang='lat' dir='ltr'>qui·</span> 
     </span>
     <span class='ocr_line' id='line_1_6' title="bbox 266 1165 751 1236; baseline -0.006 -17"><span class='ocrx_word' id='word_1_25' title='bbox 266 1167 307 1219; x_wconf 77' lang='lat' dir='ltr'>vis</span> <span class='ocrx_word' id='word_1_26' title='bbox 320 1165 434 1218; x_wconf 82' lang='lat' dir='ltr'>musione</span> <span class='ocrx_word' id='word_1_27' title='bbox 452 1183 556 1232; x_wconf 87' lang='lat' dir='ltr'>operum</span> <span class='ocrx_word' id='word_1_28' title='bbox 581 1165 751 1236; x_wconf 81' lang='lat' dir='ltr'>impenderis,</span> 
     </span>
     <span class='ocr_line' id='line_1_7' title="bbox 267 1254 750 1323; baseline -0.008 -17"><span class='ocrx_word' id='word_1_29' title='bbox 267 1255 319 1306; x_wconf 86' lang='lat' dir='ltr'>sibi</span> <span class='ocrx_word' id='word_1_30' title='bbox 341 1255 464 1320; x_wconf 75' lang='lat' dir='ltr'>coniungi</span> <span class='ocrx_word' id='word_1_31' title='bbox 485 1265 560 1323; x_wconf 80' lang='lat' dir='ltr'>optet</span> <span class='ocrx_word' id='word_1_32' title='bbox 578 1290 585 1306; x_wconf 88' lang='lat'><em>.</em></span> <span class='ocrx_word' id='word_1_33' title='bbox 605 1263 633 1307; x_wconf 87' lang='lat' dir='ltr'>et</span> <span class='ocrx_word' id='word_1_34' title='bbox 646 1254 750 1304; x_wconf 78' lang='lat' dir='ltr'>citlruru</span> 
     </span>
     <span class='ocr_line' id='line_1_8' title="bbox 266 1341 752 1416; baseline -0.01 -19"><span class='ocrx_word' id='word_1_35' title='bbox 266 1345 379 1397; x_wconf 73' lang='lat' dir='ltr'>illectam</span> <span class='ocrx_word' id='word_1_36' title='bbox 396 1343 471 1394; x_wconf 90' lang='lat' dir='ltr'>ducit</span> <span class='ocrx_word' id='word_1_37' title='bbox 486 1361 606 1394; x_wconf 76' lang='lat' dir='ltr'>uxorem:</span> <span class='ocrx_word' id='word_1_38' title='bbox 623 1341 688 1411; x_wconf 81' lang='lat' dir='ltr'>quie</span> <span class='ocrx_word' id='word_1_39' title='bbox 704 1341 752 1416; x_wconf 81' lang='lat' dir='ltr'>qui</span> 
     </span>
     <span class='ocr_line' id='line_1_9' title="bbox 265 1429 753 1486; baseline -0.008 -2"><span class='ocrx_word' id='word_1_40' title='bbox 265 1434 380 1484; x_wconf 78' lang='lat' dir='ltr'>musicae</span> <span class='ocrx_word' id='word_1_41' title='bbox 393 1429 482 1482; x_wconf 87' lang='lat' dir='ltr'>studet</span> <span class='ocrx_word' id='word_1_42' title='bbox 499 1467 506 1486; x_wconf 88' lang='lat'>.</span> <span class='ocrx_word' id='word_1_43' title='bbox 521 1430 571 1482; x_wconf 89' lang='lat' dir='ltr'>uisi</span> <span class='ocrx_word' id='word_1_44' title='bbox 587 1431 753 1483; x_wconf 70' lang='lat' dir='ltr'>secretiorem</span> 
     </span>
     <span class='ocr_line' id='line_1_10' title="bbox 269 1516 753 1588; baseline -0.01 -18"><span class='ocrx_word' id='word_1_45' title='bbox 269 1519 334 1572; x_wconf 81' lang='lat' dir='ltr'>ortis</span> <span class='ocrx_word' id='word_1_46' title='bbox 353 1516 664 1588; x_wconf 81' lang='lat' dir='ltr'>ipsius·proluuditetem</span> <span class='ocrx_word' id='word_1_47' title='bbox 687 1534 753 1566; x_wconf 88' lang='lat' dir='ltr'>cour·</span> 
     </span>
     <span class='ocr_line' id='line_1_11' title="bbox 265 1604 753 1674; baseline 0 -18"><span class='ocrx_word' id='word_1_48' title='bbox 265 1604 404 1674; x_wconf 78' lang='lat' dir='ltr'>prehendit</span> <span class='ocrx_word' id='word_1_49' title='bbox 419 1639 427 1662; x_wconf 83' lang='grc'><em>,</em></span> <span class='ocrx_word' id='word_1_50' title='bbox 442 1606 554 1656; x_wconf 78' lang='lat' dir='ltr'>musicus</span> <span class='ocrx_word' id='word_1_51' title='bbox 575 1621 631 1656; x_wconf 89' lang='lat' dir='ltr'>esse</span> <span class='ocrx_word' id='word_1_52' title='bbox 643 1623 695 1656; x_wconf 89' lang='lat' dir='ltr'>nou</span> <span class='ocrx_word' id='word_1_53' title='bbox 710 1623 753 1672; x_wconf 89' lang='lat' dir='ltr'>po·</span> 
     </span>
     <span class='ocr_line' id='line_1_12' title="bbox 268 1689 755 1758; baseline -0.008 -16"><span class='ocrx_word' id='word_1_54' title='bbox 268 1701 338 1742; x_wconf 80' lang='lat' dir='ltr'>rest:</span> <span class='ocrx_word' id='word_1_55' title='bbox 360 1690 470 1758; x_wconf 86' lang='lat' dir='ltr'>ideoque</span> <span class='ocrx_word' id='word_1_56' title='bbox 486 1709 542 1742; x_wconf 82' lang='lat' dir='ltr'>euru</span> <span class='ocrx_word' id='word_1_57' title='bbox 559 1689 649 1742; x_wconf 77' lang='lat' dir='ltr'>crebra</span> <span class='ocrx_word' id='word_1_58' title='bbox 665 1701 693 1740; x_wconf 89' lang='lat' dir='ltr'>et</span> <span class='ocrx_word' id='word_1_59' title='bbox 710 1706 755 1738; x_wconf 82' lang='lat' dir='ltr'>ur-</span> 
     </span>
     <span class='ocr_line' id='line_1_13' title="bbox 270 1777 754 1848; baseline -0.006 -19"><span class='ocrx_word' id='word_1_60' title='bbox 270 1777 382 1829; x_wconf 80' lang='lat' dir='ltr'>tiliciose</span> <span class='ocrx_word' id='word_1_61' title='bbox 402 1779 473 1830; x_wconf 81' lang='lat' dir='ltr'>vocis</span> <span class='ocrx_word' id='word_1_62' title='bbox 495 1777 677 1848; x_wconf 71' lang='lat' dir='ltr'>modulatione</span> <span class='ocrx_word' id='word_1_63' title='bbox 693 1787 754 1829; x_wconf 86' lang='lat' dir='ltr'>tuu-</span> 
     </span>
     <span class='ocr_line' id='line_1_14' title="bbox 270 1862 753 1931; baseline -0.002 -16"><span class='ocrx_word' id='word_1_64' title='bbox 270 1862 327 1916; x_wconf 82' lang='lat' dir='ltr'>den</span> <span class='ocrx_word' id='word_1_65' title='bbox 341 1865 500 1931; x_wconf 62' lang='lat' dir='ltr'>assequitur.</span> <span class='ocrx_word' id='word_1_66' title='bbox 513 1864 582 1916; x_wconf 81' lang='lat' dir='ltr'>llucc</span> <span class='ocrx_word' id='word_1_67' title='bbox 596 1881 656 1916; x_wconf 81' lang='lat' dir='ltr'>retu</span> <span class='ocrx_word' id='word_1_68' title='bbox 668 1866 753 1915; x_wconf 84' lang='lat' dir='ltr'>scieu-</span> 
     </span>
     <span class='ocr_line' id='line_1_15' title="bbox 274 1950 758 2020; baseline -0.01 -14"><span class='ocrx_word' id='word_1_69' title='bbox 274 1953 327 2006; x_wconf 79' lang='lat' dir='ltr'>tiue</span> <span class='ocrx_word' id='word_1_70' title='bbox 349 1951 466 2004; x_wconf 84' lang='lat' dir='ltr'>eltitudo</span> <span class='ocrx_word' id='word_1_71' title='bbox 484 1964 613 2020; x_wconf 86' lang='lat' dir='ltr'>qrrunuun</span> <span class='ocrx_word' id='word_1_72' title='bbox 628 1950 662 2003; x_wconf 84' lang='lat' dir='ltr'>ub</span> <span class='ocrx_word' id='word_1_73' title='bbox 684 1951 758 2019; x_wconf 87' lang='lat' dir='ltr'>opti-</span> 
     </span>
     <span class='ocr_line' id='line_1_16' title="bbox 273 2040 757 2098; baseline -0.006 -5"><span class='ocrx_word' id='word_1_74' title='bbox 273 2043 320 2094; x_wconf 89' lang='lat' dir='ltr'>uris</span> <span class='ocrx_word' id='word_1_75' title='bbox 337 2053 461 2098; x_wconf 80' lang='lat' dir='ltr'>ematur,</span> <span class='ocrx_word' id='word_1_76' title='bbox 477 2042 548 2094; x_wconf 89' lang='lat' dir='ltr'>sicut</span> <span class='ocrx_word' id='word_1_77' title='bbox 568 2040 601 2093; x_wconf 85' lang='lat' dir='ltr'>ub</span> <span class='ocrx_word' id='word_1_78' title='bbox 621 2040 757 2096; x_wconf 77' lang='lat' dir='ltr'>Aristaeo.</span> 
     </span>
     <span class='ocr_line' id='line_1_17' title="bbox 274 2127 759 2206; baseline -0.016 -20"><span class='ocrx_word' id='word_1_79' title='bbox 274 2137 286 2200; x_wconf 88' lang='lat'>(</span> <span class='ocrx_word' id='word_1_80' title='bbox 294 2133 398 2206; x_wconf 71' lang='grc' dir='ltr'>ἄριστον</span> <span class='ocrx_word' id='word_1_81' title='bbox 406 2130 475 2181; x_wconf 88' lang='lat' dir='ltr'>cuim</span> <span class='ocrx_word' id='word_1_82' title='bbox 484 2145 575 2194; x_wconf 72' lang='lat' dir='ltr'>graece</span> <span class='ocrx_word' id='word_1_83' title='bbox 582 2127 710 2198; x_wconf 89' lang='lat' dir='ltr'>uptimuru</span> <span class='ocrx_word' id='word_1_84' title='bbox 719 2127 759 2179; x_wconf 91' lang='lat' dir='ltr'>di-</span> 
     </span>
     <span class='ocr_line' id='line_1_18' title="bbox 270 2213 757 2284; baseline -0.008 -14"><span class='ocrx_word' id='word_1_85' title='bbox 270 2218 363 2284; x_wconf 88' lang='lat' dir='ltr'>citur)</span> <span class='ocrx_word' id='word_1_86' title='bbox 376 2227 480 2271; x_wconf 87' lang='lat' dir='ltr'>tuntum</span> <span class='ocrx_word' id='word_1_87' title='bbox 494 2233 703 2268; x_wconf 82' lang='lat' dir='ltr'>communionem</span> <span class='ocrx_word' id='word_1_88' title='bbox 718 2213 757 2284; x_wconf 87' lang='lat' dir='ltr'>(r)</span> 
     </span>
     <span class='ocr_line' id='line_1_19' title="bbox 273 2302 759 2372; baseline -0.012 -14"><span class='ocrx_word' id='word_1_89' title='bbox 273 2307 408 2358; x_wconf 80' lang='lat' dir='ltr'>boninum</span> <span class='ocrx_word' id='word_1_90' title='bbox 435 2305 566 2356; x_wconf 78' lang='lat' dir='ltr'>rennuit:</span> <span class='ocrx_word' id='word_1_91' title='bbox 594 2302 686 2372; x_wconf 84' lang='lat' dir='ltr'>sicque</span> <span class='ocrx_word' id='word_1_92' title='bbox 703 2318 759 2353; x_wconf 86' lang='lat' dir='ltr'>set·</span> 
     </span>
     <span class='ocr_line' id='line_1_20' title="bbox 271 2385 760 2462; baseline -0.02 -17"><span class='ocrx_word' id='word_1_93' title='bbox 271 2393 359 2462; x_wconf 88' lang='lat' dir='ltr'>peutis</span> <span class='ocrx_word' id='word_1_94' title='bbox 386 2391 442 2442; x_wconf 90' lang='lat' dir='ltr'>ictu</span> <span class='ocrx_word' id='word_1_95' title='bbox 468 2391 605 2442; x_wconf 87' lang='lat' dir='ltr'>moritur.</span> <span class='ocrx_word' id='word_1_96' title='bbox 631 2389 695 2456; x_wconf 80' lang='lat' dir='ltr'>quis</span> <span class='ocrx_word' id='word_1_97' title='bbox 717 2385 760 2436; x_wconf 88' lang='lat' dir='ltr'>ni-</span> 
     </span>
     <span class='ocr_line' id='line_1_21' title="bbox 270 2473 760 2540; baseline -0.02 -10"><span class='ocrx_word' id='word_1_98' title='bbox 270 2480 337 2530; x_wconf 86' lang='lat' dir='ltr'>mine</span> <span class='ocrx_word' id='word_1_99' title='bbox 356 2475 515 2530; x_wconf 70' lang='lat' dir='ltr'>subtilitatis</span> <span class='ocrx_word' id='word_1_100' title='bbox 536 2491 599 2525; x_wconf 86' lang='lat' dir='ltr'>strue</span> <span class='ocrx_word' id='word_1_101' title='bbox 626 2473 760 2540; x_wconf 88' lang='lat' dir='ltr'>intercep-</span> 
     </span>
     <span class='ocr_line' id='line_1_22' title="bbox 270 2561 761 2617; baseline -0.016 0"><span class='ocrx_word' id='word_1_102' title='bbox 270 2577 296 2617; x_wconf 81' lang='lat' dir='ltr'>tu</span> <span class='ocrx_word' id='word_1_103' title='bbox 312 2564 418 2616; x_wconf 86' lang='lat' dir='ltr'>secretis</span> <span class='ocrx_word' id='word_1_104' title='bbox 432 2561 547 2614; x_wconf 77' lang='lat' dir='ltr'>velutad</span> <span class='ocrx_word' id='word_1_105' title='bbox 564 2561 659 2613; x_wconf 87' lang='lat' dir='ltr'>iulcros</span> <span class='ocrx_word' id='word_1_106' title='bbox 678 2570 761 2612; x_wconf 81' lang='lat' dir='ltr'>ttsos·</span> 
     </span>
     <span class='ocr_line' id='line_1_23' title="bbox 275 2646 758 2718; baseline -0.017 -16"><span class='ocrx_word' id='word_1_107' title='bbox 275 2653 374 2718; x_wconf 76' lang='lat' dir='ltr'>migret</span> <span class='ocrx_word' id='word_1_108' title='bbox 393 2685 402 2699; x_wconf 87' lang='lat'><strong>·</strong></span> <span class='ocrx_word' id='word_1_109' title='bbox 423 2647 473 2701; x_wconf 71' lang='lat' dir='ltr'>&amp;tl</span> <span class='ocrx_word' id='word_1_110' title='bbox 496 2657 556 2716; x_wconf 85' lang='lat' dir='ltr'>pust</span> <span class='ocrx_word' id='word_1_111' title='bbox 581 2646 649 2698; x_wconf 78' lang='lat' dir='ltr'>lianc</span> <span class='ocrx_word' id='word_1_112' title='bbox 676 2655 758 2696; x_wconf 83' lang='lat' dir='ltr'>ortem</span> 
     </span>
     <span class='ocr_line' id='line_1_24' title="bbox 273 2736 758 2812; baseline -0.014 -20"><span class='ocrx_word' id='word_1_113' title='bbox 273 2740 461 2812; x_wconf 69' lang='lat' dir='ltr'>exquirendum</span> <span class='ocrx_word' id='word_1_114' title='bbox 490 2750 571 2808; x_wconf 82' lang='lat' dir='ltr'>utque</span> <span class='ocrx_word' id='word_1_115' title='bbox 605 2736 758 2790; x_wconf 80' lang='lat' dir='ltr'>eleruruluur</span> 
     </span>
     <span class='ocr_line' id='line_1_25' title="bbox 272 2827 757 2883; baseline -0.012 -3"><span class='ocrx_word' id='word_1_116' title='bbox 272 2848 321 2880; x_wconf 80' lang='lat' dir='ltr'>ros</span> <span class='ocrx_word' id='word_1_117' title='bbox 338 2845 435 2881; x_wconf 83' lang='lat' dir='ltr'>cenoru</span> <span class='ocrx_word' id='word_1_118' title='bbox 449 2827 585 2878; x_wconf 65' lang='lat' dir='ltr'>demusbt</span> <span class='ocrx_word' id='word_1_119' title='bbox 596 2861 603 2883; x_wconf 88' lang='lat'><em>,</em></span> <span class='ocrx_word' id='word_1_120' title='bbox 616 2835 644 2877; x_wconf 83' lang='lat' dir='ltr'>ct</span> <span class='ocrx_word' id='word_1_121' title='bbox 653 2843 686 2876; x_wconf 88' lang='lat' dir='ltr'>ue</span> <span class='ocrx_word' id='word_1_122' title='bbox 700 2841 757 2875; x_wconf 85' lang='lat' dir='ltr'>curn</span> 
     </span>
     <span class='ocr_line' id='line_1_26' title="bbox 278 2897 758 2986; baseline -0.013 -18"><span class='ocrx_word' id='word_1_123' title='bbox 278 2897 402 2986; x_wconf 78' lang='lat' dir='ltr'>respiciet</span> <span class='ocrx_word' id='word_1_124' title='bbox 415 2911 570 2985; x_wconf 83' lang='lat' dir='ltr'>prohibetur</span> <span class='ocrx_word' id='word_1_125' title='bbox 580 2922 623 2969; x_wconf 79' lang='lat' dir='ltr'>‚et</span> <span class='ocrx_word' id='word_1_126' title='bbox 636 2911 697 2962; x_wconf 82' lang='lat' dir='ltr'>dum</span> <span class='ocrx_word' id='word_1_127' title='bbox 718 2912 758 2964; x_wconf 89' lang='lat' dir='ltr'>vi·</span> 
     </span>
     <span class='ocr_line' id='line_1_27' title="bbox 275 2999 758 3071; baseline -0.004 -17"><span class='ocrx_word' id='word_1_128' title='bbox 275 3003 322 3057; x_wconf 86' lang='lat' dir='ltr'>det</span> <span class='ocrx_word' id='word_1_129' title='bbox 340 3040 348 3061; x_wconf 87' lang='lat'><strong>.</strong></span> <span class='ocrx_word' id='word_1_130' title='bbox 370 3004 480 3055; x_wconf 81' lang='lat' dir='ltr'>emittit.</span> <span class='ocrx_word' id='word_1_131' title='bbox 494 3002 561 3054; x_wconf 88' lang='lat' dir='ltr'>Num</span> <span class='ocrx_word' id='word_1_132' title='bbox 573 3011 600 3053; x_wconf 90' lang='lat' dir='ltr'>ct</span> <span class='ocrx_word' id='word_1_133' title='bbox 621 2999 758 3071; x_wconf 84' lang='lat' dir='ltr'>perlectis-</span> 
     </span>
     <span class='ocr_line' id='line_1_28' title="bbox 271 3089 758 3160; baseline -0.012 -15"><span class='ocrx_word' id='word_1_134' title='bbox 271 3094 353 3145; x_wconf 85' lang='lat' dir='ltr'>simus</span> <span class='ocrx_word' id='word_1_135' title='bbox 371 3092 532 3160; x_wconf 74' lang='lat' dir='ltr'>Pythagoreus</span> <span class='ocrx_word' id='word_1_136' title='bbox 551 3089 660 3142; x_wconf 81' lang='lat' dir='ltr'>durnin</span> <span class='ocrx_word' id='word_1_137' title='bbox 682 3089 758 3140; x_wconf 85' lang='lat' dir='ltr'>nursi·</span> 
     </span>
     <span class='ocr_line' id='line_1_29' title="bbox 275 3180 759 3251; baseline -0.004 -19"><span class='ocrx_word' id='word_1_138' title='bbox 275 3200 320 3234; x_wconf 76' lang='lat' dir='ltr'>cae</span> <span class='ocrx_word' id='word_1_139' title='bbox 336 3180 510 3251; x_wconf 76' lang='lat' dir='ltr'>inquisitione</span> <span class='ocrx_word' id='word_1_140' title='bbox 528 3180 677 3236; x_wconf 80' lang='lat' dir='ltr'>loboruret.</span> <span class='ocrx_word' id='word_1_141' title='bbox 693 3197 759 3247; x_wconf 82' lang='lat' dir='ltr'>sym·</span> 
     </span>
     <span class='ocr_line' id='line_1_30' title="bbox 272 3267 760 3340; baseline -0.004 -20"><span class='ocrx_word' id='word_1_142' title='bbox 272 3269 436 3340; x_wconf 80' lang='lat' dir='ltr'>phonirsque</span> <span class='ocrx_word' id='word_1_143' title='bbox 453 3267 597 3338; x_wconf 83' lang='lat' dir='ltr'>ponderum</span> <span class='ocrx_word' id='word_1_144' title='bbox 617 3283 650 3318; x_wconf 78' lang='lat' dir='ltr'>ec</span> <span class='ocrx_word' id='word_1_145' title='bbox 668 3284 760 3320; x_wconf 77' lang='lat' dir='ltr'>nunte-</span> 
     </span>
     <span class='ocr_line' id='line_1_31' title="bbox 274 3355 760 3427; baseline -0.002 -19"><span class='ocrx_word' id='word_1_146' title='bbox 274 3375 361 3410; x_wconf 89' lang='lat' dir='ltr'>roruur</span> <span class='ocrx_word' id='word_1_147' title='bbox 380 3355 596 3427; x_wconf 72' lang='lat' dir='ltr'>proportionibus</span> <span class='ocrx_word' id='word_1_148' title='bbox 609 3365 760 3426; x_wconf 75' lang='lat' dir='ltr'>coaptaret,</span> 
     </span>
     <span class='ocr_line' id='line_1_32' title="bbox 273 3443 761 3498; baseline -0.004 0"><span class='ocrx_word' id='word_1_149' title='bbox 273 3444 382 3498; x_wconf 76' lang='lat' dir='ltr'>effectus</span> <span class='ocrx_word' id='word_1_150' title='bbox 400 3455 488 3496; x_wconf 80' lang='lat' dir='ltr'>tumen</span> <span class='ocrx_word' id='word_1_151' title='bbox 514 3443 644 3496; x_wconf 79' lang='lat' dir='ltr'>tutionem</span> <span class='ocrx_word' id='word_1_152' title='bbox 664 3443 761 3496; x_wconf 86' lang='lat' dir='ltr'>redde·</span> 
     </span>
     <span class='ocr_line' id='line_1_33' title="bbox 276 3529 491 3601; baseline 0 -21"><span class='ocrx_word' id='word_1_153' title='bbox 276 3547 305 3582; x_wconf 90' lang='lat' dir='ltr'>re</span> <span class='ocrx_word' id='word_1_154' title='bbox 325 3548 378 3584; x_wconf 87' lang='lat' dir='ltr'>nou</span> <span class='ocrx_word' id='word_1_155' title='bbox 393 3529 491 3601; x_wconf 78' lang='lat' dir='ltr'>potuit.</span> 
     </span>
    </p>

    <p class='ocr_par' dir='ltr' id='par_1_3' title="bbox 273 3614 764 3947">
     <span class='ocr_line' id='line_1_34' title="bbox 310 3614 764 3683; baseline -0.009 -13"><span class='ocrx_word' id='word_1_156' title='bbox 310 3632 355 3672; x_wconf 80' lang='lat' dir='ltr'>ut·</span> <span class='ocrx_word' id='word_1_157' title='bbox 375 3615 493 3683; x_wconf 76' lang='lat' dir='ltr'>Remigio</span> <span class='ocrx_word' id='word_1_158' title='bbox 508 3625 595 3670; x_wconf 88' lang='lat' dir='ltr'>tumen</span> <span class='ocrx_word' id='word_1_159' title='bbox 614 3614 648 3668; x_wconf 89' lang='lat' dir='ltr'>de</span> <span class='ocrx_word' id='word_1_160' title='bbox 658 3614 708 3668; x_wconf 89' lang='lat' dir='ltr'>hoc</span> <span class='ocrx_word' id='word_1_161' title='bbox 720 3616 764 3681; x_wconf 72' lang='lat' dir='ltr'>sip·</span> 
     </span>
     <span class='ocr_line' id='line_1_35' title="bbox 275 3703 761 3758; baseline -0.012 0"><span class='ocrx_word' id='word_1_162' title='bbox 275 3714 364 3758; x_wconf 84' lang='lat' dir='ltr'>mento</span> <span class='ocrx_word' id='word_1_163' title='bbox 383 3703 462 3756; x_wconf 85' lang='lat' dir='ltr'>uliter</span> <span class='ocrx_word' id='word_1_164' title='bbox 479 3703 606 3755; x_wconf 82' lang='lat' dir='ltr'>videtur.</span> <span class='ocrx_word' id='word_1_165' title='bbox 626 3705 672 3755; x_wconf 80' lang='lat' dir='ltr'>tu</span> <span class='ocrx_word' id='word_1_166' title='bbox 691 3705 761 3754; x_wconf 87' lang='lat' dir='ltr'>eninr</span> 
     </span>
     <span class='ocr_line' id='line_1_36' title="bbox 277 3791 761 3860; baseline -0.004 -16"><span class='ocrx_word' id='word_1_167' title='bbox 277 3793 425 3860; x_wconf 66' lang='lat' dir='ltr'>Eurydicen</span> <span class='ocrx_word' id='word_1_168' title='bbox 457 3791 514 3844; x_wconf 83' lang='lat' dir='ltr'>itleo</span> <span class='ocrx_word' id='word_1_169' title='bbox 538 3791 640 3860; x_wconf 85' lang='lat' dir='ltr'>llrplrei</span> <span class='ocrx_word' id='word_1_170' title='bbox 662 3792 761 3844; x_wconf 73' lang='lat' dir='ltr'>slieturn</span> 
     </span>
     <span class='ocr_line' id='line_1_37' title="bbox 273 3877 763 3947; baseline -0.004 -17"><span class='ocrx_word' id='word_1_171' title='bbox 273 3897 328 3932; x_wconf 75' lang='lat' dir='ltr'>csse</span> <span class='ocrx_word' id='word_1_172' title='bbox 352 3879 486 3945; x_wconf 70' lang='lat' dir='ltr'>coniugem</span> <span class='ocrx_word' id='word_1_173' title='bbox 508 3915 515 3933; x_wconf 88' lang='lat'><strong>.</strong></span> <span class='ocrx_word' id='word_1_174' title='bbox 534 3880 597 3947; x_wconf 78' lang='lat' dir='ltr'>quiu</span> <span class='ocrx_word' id='word_1_175' title='bbox 624 3877 763 3934; x_wconf 67' lang='lat' dir='ltr'>lenitudine</span> 
     </span>
    </p>
   </div>
   <div class='ocr_carea' id='block_1_3' title="bbox 1202 651 1260 718">
    <p class='ocr_par' dir='ltr' id='par_1_4' title="bbox 1202 651 1260 718">
     <span class='ocr_line' id='line_1_38' title="bbox 1202 651 1260 718; baseline 0.069 -4"><span class='ocrx_word' id='word_1_176' title='bbox 1202 651 1260 718; x_wconf 71' lang='lat' dir='ltr'>nsit</span> 
     </span>
    </p>
   </div>
   <div class='ocr_carea' id='block_1_4' title="bbox 806 817 1313 3954">
    <p class='ocr_par' dir='ltr' id='par_1_5' title="bbox 806 817 1313 3954">
     <span class='ocr_line' id='line_1_39' title="bbox 815 817 1294 891; baseline 0.01 -22"><span class='ocrx_word' id='word_1_177' title='bbox 815 835 898 872; x_wconf 73' lang='lat' dir='ltr'>cornus</span> <span class='ocrx_word' id='word_1_178' title='bbox 918 817 996 870; x_wconf 79' lang='lat' dir='ltr'>delict</span> <span class='ocrx_word' id='word_1_179' title='bbox 1018 835 1073 872; x_wconf 86' lang='lat' dir='ltr'>esse</span> <span class='ocrx_word' id='word_1_180' title='bbox 1092 818 1223 872; x_wconf 83' lang='lat' dir='ltr'>discretio·</span> <span class='ocrx_word' id='word_1_181' title='bbox 1235 822 1294 891; x_wconf 73' lang='lat' dir='ltr'>lpse</span> 
     </span>
     <span class='ocr_line' id='line_1_40' title="bbox 806 905 1289 973; baseline 0.004 -17"><span class='ocrx_word' id='word_1_182' title='bbox 806 923 868 956; x_wconf 80' lang='lat' dir='ltr'>vcro</span> <span class='ocrx_word' id='word_1_183' title='bbox 884 916 1004 973; x_wconf 80' lang='lat' dir='ltr'>serpente</span> <span class='ocrx_word' id='word_1_184' title='bbox 1018 905 1087 958; x_wconf 53' lang='lat' dir='ltr'>‘luero</span> <span class='ocrx_word' id='word_1_185' title='bbox 1106 907 1140 958; x_wconf 81' lang='lat' dir='ltr'>ud</span> <span class='ocrx_word' id='word_1_186' title='bbox 1159 905 1289 960; x_wconf 84' lang='lat' dir='ltr'>iuleruurn</span> 
     </span>
     <span class='ocr_line' id='line_1_41' title="bbox 807 992 1292 1047; baseline 0 -3"><span class='ocrx_word' id='word_1_187' title='bbox 807 993 942 1044; x_wconf 81' lang='lat' dir='ltr'>deseerulit</span> <span class='ocrx_word' id='word_1_188' title='bbox 958 1029 964 1047; x_wconf 91' lang='lat'><em>.</em></span> <span class='ocrx_word' id='word_1_189' title='bbox 978 1009 1036 1044; x_wconf 88' lang='lat' dir='ltr'>cum</span> <span class='ocrx_word' id='word_1_190' title='bbox 1056 994 1164 1045; x_wconf 85' lang='lat' dir='ltr'>terrenis</span> <span class='ocrx_word' id='word_1_191' title='bbox 1186 992 1292 1044; x_wconf 80' lang='lat' dir='ltr'>lubinu-</span> 
     </span>
     <span class='ocr_line' id='line_1_42' title="bbox 806 1079 1292 1150; baseline 0.002 -19"><span class='ocrx_word' id='word_1_192' title='bbox 806 1081 840 1134; x_wconf 93' lang='lat' dir='ltr'>do</span> <span class='ocrx_word' id='word_1_193' title='bbox 857 1079 997 1132; x_wconf 83' lang='lat' dir='ltr'>comrrrodis</span> <span class='ocrx_word' id='word_1_194' title='bbox 1015 1097 1115 1132; x_wconf 80' lang='lat' dir='ltr'>venenu</span> <span class='ocrx_word' id='word_1_195' title='bbox 1138 1079 1292 1150; x_wconf 73' lang='lat' dir='ltr'>iniquitatis</span> 
     </span>
     <span class='ocr_line' id='line_1_43' title="bbox 809 1166 1294 1234; baseline -0.006 -15"><span class='ocrx_word' id='word_1_196' title='bbox 809 1170 842 1220; x_wconf 81' lang='lat' dir='ltr'>ud</span> <span class='ocrx_word' id='word_1_197' title='bbox 864 1169 998 1220; x_wconf 80' lang='lat' dir='ltr'>sinistram</span> <span class='ocrx_word' id='word_1_198' title='bbox 1016 1177 1114 1234; x_wconf 83' lang='lat' dir='ltr'>purtem</span> <span class='ocrx_word' id='word_1_199' title='bbox 1134 1166 1294 1220; x_wconf 83' lang='lat' dir='ltr'>inflectitur.</span> 
     </span>
     <span class='ocr_line' id='line_1_44' title="bbox 808 1252 1293 1324; baseline -0.008 -17"><span class='ocrx_word' id='word_1_200' title='bbox 808 1255 857 1307; x_wconf 82' lang='lat' dir='ltr'>Seri</span> <span class='ocrx_word' id='word_1_201' title='bbox 877 1254 977 1324; x_wconf 83' lang='lat' dir='ltr'>Orphei</span> <span class='ocrx_word' id='word_1_202' title='bbox 1000 1252 1162 1306; x_wconf 73' lang='lat' dir='ltr'>carminibus</span> <span class='ocrx_word' id='word_1_203' title='bbox 1189 1253 1223 1306; x_wconf 71' lang='lat' dir='ltr'>uel</span> <span class='ocrx_word' id='word_1_204' title='bbox 1246 1271 1293 1304; x_wconf 88' lang='lat' dir='ltr'>su-</span> 
     </span>
     <span class='ocr_line' id='line_1_45' title="bbox 810 1341 1296 1410; baseline -0.012 -12"><span class='ocrx_word' id='word_1_205' title='bbox 810 1359 885 1410; x_wconf 75' lang='lat' dir='ltr'>peros</span> <span class='ocrx_word' id='word_1_206' title='bbox 912 1351 1050 1395; x_wconf 75' lang='lat' dir='ltr'>mouetur</span> <span class='ocrx_word' id='word_1_207' title='bbox 1070 1377 1077 1398; x_wconf 86' lang='lat'>.</span> <span class='ocrx_word' id='word_1_208' title='bbox 1099 1359 1157 1392; x_wconf 88' lang='lat' dir='ltr'>curu</span> <span class='ocrx_word' id='word_1_209' title='bbox 1170 1341 1296 1394; x_wconf 82' lang='lat' dir='ltr'>luculen-</span> 
     </span>
     <span class='ocr_line' id='line_1_46' title="bbox 812 1426 1296 1494; baseline -0.004 -13"><span class='ocrx_word' id='word_1_210' title='bbox 812 1430 833 1481; x_wconf 88' lang='lat' dir='ltr'>ti</span> <span class='ocrx_word' id='word_1_211' title='bbox 863 1429 928 1480; x_wconf 89' lang='lat' dir='ltr'>lucri</span> <span class='ocrx_word' id='word_1_212' title='bbox 950 1428 1056 1482; x_wconf 87' lang='lat' dir='ltr'>stimulo</span> <span class='ocrx_word' id='word_1_213' title='bbox 1079 1428 1112 1479; x_wconf 82' lang='lat' dir='ltr'>ed</span> <span class='ocrx_word' id='word_1_214' title='bbox 1135 1426 1296 1494; x_wconf 70' lang='lat' dir='ltr'>sequututem</span> 
     </span>
     <span class='ocr_line' id='line_1_47' title="bbox 813 1514 1296 1586; baseline -0.002 -19"><span class='ocrx_word' id='word_1_215' title='bbox 813 1515 981 1570; x_wconf 79' lang='lat' dir='ltr'>r‘elormutur.</span> <span class='ocrx_word' id='word_1_216' title='bbox 994 1517 1044 1569; x_wconf 84' lang='lat' dir='ltr'>Sed</span> <span class='ocrx_word' id='word_1_217' title='bbox 1063 1515 1086 1570; x_wconf 87' lang='lat' dir='ltr'>si</span> <span class='ocrx_word' id='word_1_218' title='bbox 1106 1514 1234 1586; x_wconf 75' lang='lat' dir='ltr'>respicit.</span> <span class='ocrx_word' id='word_1_219' title='bbox 1253 1532 1296 1566; x_wconf 74' lang='lat' dir='ltr'>re-</span> 
     </span>
     <span class='ocr_line' id='line_1_48' title="bbox 812 1605 1296 1662; baseline -0.002 -3"><span class='ocrx_word' id='word_1_220' title='bbox 812 1608 929 1660; x_wconf 75' lang='lat' dir='ltr'>trahitur</span> <span class='ocrx_word' id='word_1_221' title='bbox 947 1607 980 1658; x_wconf 79' lang='lat' dir='ltr'>ad</span> <span class='ocrx_word' id='word_1_222' title='bbox 1001 1617 1122 1662; x_wconf 80' lang='lat' dir='ltr'>terrens.</span> <span class='ocrx_word' id='word_1_223' title='bbox 1146 1622 1193 1658; x_wconf 88' lang='lat' dir='ltr'>nec</span> <span class='ocrx_word' id='word_1_224' title='bbox 1209 1605 1296 1658; x_wconf 78' lang='lat' dir='ltr'>oranti</span> 
     </span>
     <span class='ocr_line' id='line_1_49' title="bbox 812 1695 1299 1765; baseline 0 -19"><span class='ocrx_word' id='word_1_225' title='bbox 812 1695 918 1765; x_wconf 84' lang='lat' dir='ltr'>Orpheo</span> <span class='ocrx_word' id='word_1_226' title='bbox 933 1695 1062 1748; x_wconf 87' lang='lat' dir='ltr'>redditur.</span> <span class='ocrx_word' id='word_1_227' title='bbox 1078 1696 1150 1747; x_wconf 73' lang='lat' dir='ltr'>uam</span> <span class='ocrx_word' id='word_1_228' title='bbox 1169 1713 1227 1747; x_wconf 88' lang='lat' dir='ltr'>curn</span> <span class='ocrx_word' id='word_1_229' title='bbox 1243 1707 1299 1764; x_wconf 75' lang='lat' dir='ltr'>ter-</span> 
     </span>
     <span class='ocr_line' id='line_1_50' title="bbox 814 1782 1298 1838; baseline 0.012 -6"><span class='ocrx_word' id='word_1_230' title='bbox 814 1799 891 1836; x_wconf 89' lang='lat' dir='ltr'>rrnus</span> <span class='ocrx_word' id='word_1_231' title='bbox 919 1783 1022 1836; x_wconf 81' lang='lat' dir='ltr'>enimus</span> <span class='ocrx_word' id='word_1_232' title='bbox 1049 1782 1193 1836; x_wconf 78' lang='lat' dir='ltr'>seecuiuriu</span> <span class='ocrx_word' id='word_1_233' title='bbox 1217 1782 1298 1838; x_wconf 83' lang='lat' dir='ltr'>nimis</span> 
     </span>
     <span class='ocr_line' id='line_1_51' title="bbox 813 1870 1300 1940; baseline 0.006 -19"><span class='ocrx_word' id='word_1_234' title='bbox 813 1871 977 1940; x_wconf 80' lang='lat' dir='ltr'>concupiscit</span> <span class='ocrx_word' id='word_1_235' title='bbox 989 1907 995 1927; x_wconf 90' lang='lat'>.</span> <span class='ocrx_word' id='word_1_236' title='bbox 1006 1871 1049 1922; x_wconf 82' lang='lat' dir='ltr'>ris</span> <span class='ocrx_word' id='word_1_237' title='bbox 1065 1887 1124 1922; x_wconf 86' lang='lat' dir='ltr'>euru</span> <span class='ocrx_word' id='word_1_238' title='bbox 1136 1870 1225 1940; x_wconf 74' lang='lat' dir='ltr'>eliqua</span> <span class='ocrx_word' id='word_1_239' title='bbox 1242 1887 1300 1924; x_wconf 81' lang='lat' dir='ltr'>ore·</span> 
     </span>
     <span class='ocr_line' id='line_1_52' title="bbox 815 1958 1301 2012; baseline -0.004 0"><span class='ocrx_word' id='word_1_240' title='bbox 815 1960 854 2012; x_wconf 90' lang='lat' dir='ltr'>tio</span> <span class='ocrx_word' id='word_1_241' title='bbox 873 1959 906 2011; x_wconf 88' lang='lat' dir='ltr'>ud</span> <span class='ocrx_word' id='word_1_242' title='bbox 931 1969 1030 2012; x_wconf 79' lang='lat' dir='ltr'>statum</span> <span class='ocrx_word' id='word_1_243' title='bbox 1050 1958 1220 2012; x_wconf 81' lang='lat' dir='ltr'>rectitudinis</span> <span class='ocrx_word' id='word_1_244' title='bbox 1245 1959 1301 2010; x_wconf 86' lang='lat' dir='ltr'>eri-</span> 
     </span>
     <span class='ocr_line' id='line_1_53' title="bbox 815 2044 1297 2116; baseline 0 -20"><span class='ocrx_word' id='word_1_245' title='bbox 815 2047 872 2110; x_wconf 69' lang='lat' dir='ltr'>pitr</span> <span class='ocrx_word' id='word_1_246' title='bbox 884 2045 948 2114; x_wconf 86' lang='lat' dir='ltr'>quiu</span> <span class='ocrx_word' id='word_1_247' title='bbox 960 2044 1132 2116; x_wconf 83' lang='lat' dir='ltr'>Proserpiuu.</span> <span class='ocrx_word' id='word_1_248' title='bbox 1147 2045 1174 2096; x_wconf 93' lang='lat' dir='ltr'>id</span> <span class='ocrx_word' id='word_1_249' title='bbox 1186 2055 1226 2098; x_wconf 86' lang='lat' dir='ltr'>cst</span> <span class='ocrx_word' id='word_1_250' title='bbox 1247 2061 1297 2096; x_wconf 84' lang='lat' dir='ltr'>ruu-</span> 
     </span>
     <span class='ocr_line' id='line_1_54' title="bbox 817 2131 1300 2188; baseline -0.004 0"><span class='ocrx_word' id='word_1_251' title='bbox 817 2135 887 2188; x_wconf 81' lang='lat' dir='ltr'>xiruu</span> <span class='ocrx_word' id='word_1_252' title='bbox 905 2135 1030 2188; x_wconf 82' lang='lat' dir='ltr'>vitiorum</span> <span class='ocrx_word' id='word_1_253' title='bbox 1047 2144 1152 2186; x_wconf 87' lang='lat' dir='ltr'>tenetur</span> <span class='ocrx_word' id='word_1_254' title='bbox 1168 2131 1300 2186; x_wconf 71' lang='lat' dir='ltr'>illecebro-</span> 
     </span>
     <span class='ocr_line' id='line_1_55' title="bbox 818 2219 1300 2290; baseline -0.002 -16"><span class='ocrx_word' id='word_1_255' title='bbox 818 2221 898 2274; x_wconf 85' lang='lat' dir='ltr'>Purro</span> <span class='ocrx_word' id='word_1_256' title='bbox 922 2219 1026 2274; x_wconf 80' lang='lat' dir='ltr'>Servius</span> <span class='ocrx_word' id='word_1_257' title='bbox 1039 2219 1182 2290; x_wconf 77' lang='lat' dir='ltr'>,Orpheum</span> <span class='ocrx_word' id='word_1_258' title='bbox 1211 2237 1300 2272; x_wconf 79' lang='lat' dir='ltr'>rer-eru</span> 
     </span>
     <span class='ocr_line' id='line_1_56' title="bbox 817 2307 1300 2375; baseline -0.002 -16"><span class='ocrx_word' id='word_1_259' title='bbox 817 2307 931 2360; x_wconf 73' lang='lat' dir='ltr'>animatu</span> <span class='ocrx_word' id='word_1_260' title='bbox 948 2307 1066 2374; x_wconf 73' lang='lat' dir='ltr'>coniugis</span> <span class='ocrx_word' id='word_1_261' title='bbox 1078 2307 1236 2375; x_wconf 83' lang='lat' dir='ltr'>quibusdum</span> <span class='ocrx_word' id='word_1_262' title='bbox 1247 2323 1300 2358; x_wconf 82' lang='lat' dir='ltr'>cer·</span> 
     </span>
     <span class='ocr_line' id='line_1_57' title="bbox 820 2391 1298 2450; baseline 0.004 -6"><span class='ocrx_word' id='word_1_263' title='bbox 820 2391 937 2446; x_wconf 84' lang='lat' dir='ltr'>minibus</span> <span class='ocrx_word' id='word_1_264' title='bbox 948 2393 1071 2446; x_wconf 85' lang='lat' dir='ltr'>reducere</span> <span class='ocrx_word' id='word_1_265' title='bbox 1086 2393 1197 2450; x_wconf 83' lang='lat' dir='ltr'>voluisse</span> <span class='ocrx_word' id='word_1_266' title='bbox 1215 2393 1298 2446; x_wconf 79' lang='lat' dir='ltr'>dicit:</span> 
     </span>
     <span class='ocr_line' id='line_1_58' title="bbox 818 2479 1301 2552; baseline 0.004 -24"><span class='ocrx_word' id='word_1_267' title='bbox 818 2479 889 2548; x_wconf 89' lang='lat' dir='ltr'>quod</span> <span class='ocrx_word' id='word_1_268' title='bbox 906 2479 970 2547; x_wconf 80' lang='lat' dir='ltr'>quis</span> <span class='ocrx_word' id='word_1_269' title='bbox 988 2498 1040 2532; x_wconf 92' lang='lat' dir='ltr'>nou</span> <span class='ocrx_word' id='word_1_270' title='bbox 1057 2481 1195 2552; x_wconf 81' lang='lat' dir='ltr'>potuit.u</span> <span class='ocrx_word' id='word_1_271' title='bbox 1216 2483 1301 2552; x_wconf 68' lang='lat' dir='ltr'>poetis</span> 
     </span>
     <span class='ocr_line' id='line_1_59' title="bbox 819 2567 1302 2640; baseline 0.01 -19"><span class='ocrx_word' id='word_1_272' title='bbox 819 2567 907 2638; x_wconf 87' lang='lat' dir='ltr'>inquit</span> <span class='ocrx_word' id='word_1_273' title='bbox 919 2571 1025 2636; x_wconf 77' lang='lat' dir='ltr'>lingitur</span> <span class='ocrx_word' id='word_1_274' title='bbox 1036 2581 1167 2640; x_wconf 81' lang='lat' dir='ltr'>receptum</span> <span class='ocrx_word' id='word_1_275' title='bbox 1177 2569 1227 2624; x_wconf 79' lang='lat' dir='ltr'>iarn</span> <span class='ocrx_word' id='word_1_276' title='bbox 1242 2589 1302 2626; x_wconf 82' lang='lat' dir='ltr'>cori·</span> 
     </span>
     <span class='ocr_line' id='line_1_60' title="bbox 819 2655 1302 2731; baseline -0.004 -19"><span class='ocrx_word' id='word_1_277' title='bbox 819 2655 903 2724; x_wconf 72' lang='lat' dir='ltr'>liugom</span> <span class='ocrx_word' id='word_1_278' title='bbox 922 2658 988 2710; x_wconf 84' lang='lat' dir='ltr'>duro</span> <span class='ocrx_word' id='word_1_279' title='bbox 1009 2659 1129 2713; x_wconf 88' lang='lat' dir='ltr'>Plutonis</span> <span class='ocrx_word' id='word_1_280' title='bbox 1144 2660 1200 2724; x_wconf 66' lang='lat' dir='ltr'>lege</span> <span class='ocrx_word' id='word_1_281' title='bbox 1214 2660 1302 2731; x_wconf 85' lang='lat' dir='ltr'>ponti·</span> 
     </span>
     <span class='ocr_line' id='line_1_61' title="bbox 818 2743 1305 2812; baseline 0.012 -18"><span class='ocrx_word' id='word_1_282' title='bbox 818 2743 910 2796; x_wconf 76' lang='lat' dir='ltr'>(iisse.</span> <span class='ocrx_word' id='word_1_283' title='bbox 931 2745 1008 2812; x_wconf 84' lang='lat' dir='ltr'>Quod</span> <span class='ocrx_word' id='word_1_284' title='bbox 1026 2757 1054 2799; x_wconf 79' lang='lat' dir='ltr'>et</span> <span class='ocrx_word' id='word_1_285' title='bbox 1078 2747 1220 2812; x_wconf 72' lang='lat' dir='ltr'>Virgilium</span> <span class='ocrx_word' id='word_1_286' title='bbox 1246 2747 1305 2800; x_wconf 84' lang='lat' dir='ltr'>vult</span> 
     </span>
     <span class='ocr_line' id='line_1_62' title="bbox 817 2829 1306 2902; baseline 0.008 -20"><span class='ocrx_word' id='word_1_287' title='bbox 817 2829 963 2883; x_wconf 84' lang='lat' dir='ltr'>ostendisse</span> <span class='ocrx_word' id='word_1_288' title='bbox 972 2831 1086 2886; x_wconf 85' lang='lat' dir='ltr'>dicundo</span> <span class='ocrx_word' id='word_1_289' title='bbox 1098 2853 1105 2886; x_wconf 72' lang='grc' dir='ltr'><strong><em>ι</em></strong></span> <span class='ocrx_word' id='word_1_290' title='bbox 1115 2838 1140 2886; x_wconf 82' lang='lat' dir='ltr'>si</span> <span class='ocrx_word' id='word_1_291' title='bbox 1147 2837 1239 2902; x_wconf 75' lang='lat' dir='ltr'>proterit</span> <span class='ocrx_word' id='word_1_292' title='bbox 1253 2853 1306 2886; x_wconf 85' lang='lat' dir='ltr'>mu·</span> 
     </span>
     <span class='ocr_line' id='line_1_63' title="bbox 817 2921 1307 2992; baseline 0.008 -24"><span class='ocrx_word' id='word_1_293' title='bbox 817 2936 866 2970; x_wconf 85' lang='lat' dir='ltr'>uer</span> <span class='ocrx_word' id='word_1_294' title='bbox 884 2939 1023 2971; x_wconf 78' lang='lat' dir='ltr'>arcessere</span> <span class='ocrx_word' id='word_1_295' title='bbox 1035 2921 1162 2992; x_wconf 77' lang='lat' dir='ltr'>currr&#39;ugr&#39;s</span> <span class='ocrx_word' id='word_1_296' title='bbox 1173 2921 1307 2992; x_wconf 71' lang='lat' dir='ltr'>(lupiacus.</span> 
     </span>
     <span class='ocr_line' id='line_1_64' title="bbox 819 3007 1307 3081; baseline 0.01 -22"><span class='ocrx_word' id='word_1_297' title='bbox 819 3007 958 3060; x_wconf 79' lang='lat' dir='ltr'>Accessere</span> <span class='ocrx_word' id='word_1_298' title='bbox 977 3007 1048 3060; x_wconf 83' lang='lat' dir='ltr'>cuitu</span> <span class='ocrx_word' id='word_1_299' title='bbox 1059 3007 1165 3079; x_wconf 83' lang='lat' dir='ltr'>‚iuquit</span> <span class='ocrx_word' id='word_1_300' title='bbox 1178 3045 1186 3068; x_wconf 84' lang='lat'>‚</span> <span class='ocrx_word' id='word_1_301' title='bbox 1200 3011 1307 3081; x_wconf 83' lang='lat' dir='ltr'>proprie</span> 
     </span>
     <span class='ocr_line' id='line_1_65' title="bbox 819 3085 1283 3148; baseline -0.004 -2"><span class='ocrx_word' id='word_1_302' title='bbox 819 3093 955 3146; x_wconf 75' lang='lat' dir='ltr'>evocantis</span> <span class='ocrx_word' id='word_1_303' title='bbox 972 3103 1021 3148; x_wconf 84' lang='lat' dir='ltr'>est.</span> <span class='ocrx_word' id='word_1_304' title='bbox 1114 3085 1118 3094; x_wconf 81' lang='grc'><strong>’</strong></span> <span class='ocrx_word' id='word_1_305' title='bbox 1279 3107 1283 3116; x_wconf 91' lang='grc'><strong><em>·</em></strong></span> 
     </span>
     <span class='ocr_line' id='line_1_66' title="bbox 853 3179 1307 3235; baseline 0.007 -3"><span class='ocrx_word' id='word_1_306' title='bbox 853 3195 897 3234; x_wconf 75' lang='lat' dir='ltr'>uu·</span> <span class='ocrx_word' id='word_1_307' title='bbox 919 3180 968 3230; x_wconf 84' lang='lat' dir='ltr'>Sed</span> <span class='ocrx_word' id='word_1_308' title='bbox 988 3179 1020 3230; x_wconf 90' lang='lat' dir='ltr'>ud</span> <span class='ocrx_word' id='word_1_309' title='bbox 1035 3196 1121 3232; x_wconf 74' lang='lat' dir='ltr'>musas</span> <span class='ocrx_word' id='word_1_310' title='bbox 1136 3197 1307 3235; x_wconf 81' lang='lat' dir='ltr'>rccsrrruurus.</span> 
     </span>
     <span class='ocr_line' id='line_1_67' title="bbox 819 3266 1308 3321; baseline 0 -1"><span class='ocrx_word' id='word_1_311' title='bbox 819 3268 908 3320; x_wconf 79' lang='lat' dir='ltr'>illusus</span> <span class='ocrx_word' id='word_1_312' title='bbox 920 3283 976 3318; x_wconf 78' lang='lat' dir='ltr'>esse</span> <span class='ocrx_word' id='word_1_313' title='bbox 994 3277 1150 3318; x_wconf 87' lang='lat' dir='ltr'>concentum</span> <span class='ocrx_word' id='word_1_314' title='bbox 1167 3266 1258 3321; x_wconf 77' lang='lat' dir='ltr'>mosidi</span> <span class='ocrx_word' id='word_1_315' title='bbox 1280 3278 1308 3320; x_wconf 93' lang='lat' dir='ltr'>ct</span> 
     </span>
     <span class='ocr_line' id='line_1_68' title="bbox 819 3353 1305 3423; baseline 0 -15"><span class='ocrx_word' id='word_1_316' title='bbox 819 3354 911 3408; x_wconf 87' lang='lat' dir='ltr'>rustici</span> <span class='ocrx_word' id='word_1_317' title='bbox 938 3353 1015 3423; x_wconf 84' lang='lat' dir='ltr'>opud.</span> <span class='ocrx_word' id='word_1_318' title='bbox 1034 3353 1157 3422; x_wconf 72' lang='lat' dir='ltr'>antiquos</span> <span class='ocrx_word' id='word_1_319' title='bbox 1177 3369 1305 3421; x_wconf 72' lang='lat' dir='ltr'>coguove-</span> 
     </span>
     <span class='ocr_line' id='line_1_69' title="bbox 820 3442 1308 3513; baseline 0.002 -16"><span class='ocrx_word' id='word_1_320' title='bbox 820 3455 884 3498; x_wconf 89' lang='lat' dir='ltr'>runt</span> <span class='ocrx_word' id='word_1_321' title='bbox 903 3479 911 3501; x_wconf 88' lang='lat'><strong>.</strong></span> <span class='ocrx_word' id='word_1_322' title='bbox 933 3442 981 3512; x_wconf 93' lang='lat' dir='ltr'>qui</span> <span class='ocrx_word' id='word_1_323' title='bbox 1004 3460 1047 3496; x_wconf 85' lang='lat' dir='ltr'>eus</span> <span class='ocrx_word' id='word_1_324' title='bbox 1069 3443 1213 3496; x_wconf 80' lang='lat' dir='ltr'>Cumocuus</span> <span class='ocrx_word' id='word_1_325' title='bbox 1231 3445 1308 3513; x_wconf 74' lang='lat' dir='ltr'>quusi</span> 
     </span>
     <span class='ocr_line' id='line_1_70' title="bbox 820 3532 1309 3602; baseline 0.004 -16"><span class='ocrx_word' id='word_1_326' title='bbox 820 3551 933 3588; x_wconf 81' lang='lat' dir='ltr'>cuoeuus</span> <span class='ocrx_word' id='word_1_327' title='bbox 945 3532 1085 3586; x_wconf 83' lang='lat' dir='ltr'>ecuneudo</span> <span class='ocrx_word' id='word_1_328' title='bbox 1096 3533 1231 3588; x_wconf 83' lang='lat' dir='ltr'>dixerunt·</span> <span class='ocrx_word' id='word_1_329' title='bbox 1239 3536 1309 3602; x_wconf 81' lang='lat' dir='ltr'>Quis</span> 
     </span>
     <span class='ocr_line' id='line_1_71' title="bbox 821 3618 1309 3688; baseline -0.002 -13"><span class='ocrx_word' id='word_1_330' title='bbox 821 3618 1309 3688; x_wconf 71' lang='lat' dir='ltr'>etinrucuelunrtheologicrocrccour·</span> 
     </span>
     <span class='ocr_line' id='line_1_72' title="bbox 823 3707 1308 3778; baseline 0.004 -20"><span class='ocrx_word' id='word_1_331' title='bbox 823 3707 999 3778; x_wconf 77' lang='lat' dir='ltr'>probaverunt</span> <span class='ocrx_word' id='word_1_332' title='bbox 1009 3743 1015 3762; x_wconf 89' lang='lat'>,</span> <span class='ocrx_word' id='word_1_333' title='bbox 1025 3723 1101 3762; x_wconf 87' lang='lat' dir='ltr'>sonos</span> <span class='ocrx_word' id='word_1_334' title='bbox 1110 3707 1221 3760; x_wconf 88' lang='lat' dir='ltr'>musicos</span> <span class='ocrx_word' id='word_1_335' title='bbox 1234 3744 1241 3762; x_wconf 86' lang='lat'><strong>.</strong></span> <span class='ocrx_word' id='word_1_336' title='bbox 1254 3725 1308 3760; x_wconf 70' lang='lat' dir='ltr'>cuo</span> 
     </span>
     <span class='ocr_line' id='line_1_73' title="bbox 822 3793 1311 3854; baseline 0 -6"><span class='ocrx_word' id='word_1_337' title='bbox 822 3797 927 3850; x_wconf 80' lang='lat' dir='ltr'>lesti&#39;um</span> <span class='ocrx_word' id='word_1_338' title='bbox 950 3793 1086 3847; x_wconf 76' lang='lat' dir='ltr'>sacrificiis</span> <span class='ocrx_word' id='word_1_339' title='bbox 1105 3794 1285 3850; x_wconf 71' lang='lat' dir='ltr'>adhibuerunt</span> <span class='ocrx_word' id='word_1_340' title='bbox 1303 3833 1311 3854; x_wconf 86' lang='lat'><em>.</em></span> 
     </span>
     <span class='ocr_line' id='line_1_74' title="bbox 824 3880 1313 3954; baseline 0.008 -20"><span class='ocrx_word' id='word_1_341' title='bbox 824 3885 871 3954; x_wconf 80' lang='lat' dir='ltr'>qui</span> <span class='ocrx_word' id='word_1_342' title='bbox 890 3883 961 3954; x_wconf 80' lang='lat' dir='ltr'>apud</span> <span class='ocrx_word' id='word_1_343' title='bbox 987 3880 1052 3936; x_wconf 84' lang='lat' dir='ltr'>ulios</span> <span class='ocrx_word' id='word_1_344' title='bbox 1073 3880 1131 3949; x_wconf 70' lang='lat' dir='ltr'>lyra</span> <span class='ocrx_word' id='word_1_345' title='bbox 1153 3883 1194 3934; x_wconf 79' lang='lat' dir='ltr'>sel</span> <span class='ocrx_word' id='word_1_346' title='bbox 1223 3883 1313 3938; x_wconf 80' lang='lat' dir='ltr'>cithu-</span> 
     </span>
    </p>
   </div>
   <div class='ocr_carea' id='block_1_5' title="bbox 306 4029 1116 4094">
    <p class='ocr_par' dir='ltr' id='par_1_6' title="bbox 306 4029 1116 4094">
     <span class='ocr_line' id='line_1_75' title="bbox 306 4029 1116 4094; baseline 0.001 -17"><span class='ocrx_word' id='word_1_347' title='bbox 306 4033 346 4093; x_wconf 76' lang='lat'>(›)</span> <span class='ocrx_word' id='word_1_348' title='bbox 363 4034 503 4080; x_wconf 73' lang='lat' dir='ltr'>iussi-ulum</span> <span class='ocrx_word' id='word_1_349' title='bbox 521 4039 698 4078; x_wconf 76' lang='lat' dir='ltr'>communionem</span> <span class='ocrx_word' id='word_1_350' title='bbox 717 4035 813 4094; x_wconf 81' lang='lat' dir='ltr'>suppleo</span> <span class='ocrx_word' id='word_1_351' title='bbox 830 4049 856 4078; x_wconf 84' lang='lat' dir='ltr'>es</span> <span class='ocrx_word' id='word_1_352' title='bbox 874 4029 996 4092; x_wconf 67' lang='lat' dir='ltr'>tulpurtio</span> <span class='ocrx_word' id='word_1_353' title='bbox 1015 4035 1063 4076; x_wconf 87' lang='lat' dir='ltr'>ut·</span> <span class='ocrx_word' id='word_1_354' title='bbox 1078 4045 1116 4080; x_wconf 86' lang='lat' dir='ltr'>to·</span> 
     </span>
    </p>
   </div>
   <div class='ocr_carea' id='block_1_6' title="bbox 0 0 1859 5358">
    <p class='ocr_par' dir='ltr' id='par_1_7' title="bbox 0 0 1859 5358">
     <span class='ocr_line' id='line_1_76' title="bbox 0 0 1859 5358; baseline 0 0"><span class='ocrx_word' id='word_1_355' title='bbox 0 0 1859 5358; x_wconf 95' lang='lat' dir='ltr'> </span> 
     </span>
    </p>
   </div>
  </div>
 </body>
</html>
