3646 5342
526 699 586 750 vm

497 854 561 952 qui
586 879 695 954 aeque
723 850 933 926 christianus
958 851 1044 941 luit,
1073 851 1179 928 huius
1213 852 1360 926 monadi
1386 855 1520 954 mytho·

497 971 583 1073 logii
610 1003 684 1050 esse
711 989 902 1066 auctorem
931 968 1036 1046 Certe
1055 973 1119 1074 qui
1145 970 1285 1047 Placidi
1309 992 1518 1050 commenta·

496 1094 569 1167 rios
595 1093 640 1167 ad
667 1109 859 1191 utrumque
886 1087 994 1164 Statii
1013 1117 1157 1192 poema,
1185 1092 1339 1195 itemque
1360 1094 1517 1168 eiusdem

499 1213 699 1287 fabularum
723 1210 965 1285 ovidianarum
990 1213 1232 1304 narrationes,
1268 1241 1352 1288 cum
1383 1216 1518 1315 mytho·

500 1333 630 1432 grapho
653 1349 773 1406 nostro
800 1331 1015 1424 contulerit,
1041 1359 1115 1408 non
1142 1332 1221 1408 dico
1248 1333 1519 1410 similitudinem

503 1453 564 1524 sed
592 1451 740 1526 eandem
765 1479 1012 1553 saepenumero
1039 1479 1116 1526 rem
1149 1452 1313 1528 inveniet.
1345 1453 1396 1529 At
1422 1456 1520 1530 enim

500 1577 608 1678 primi
645 1603 787 1676 quoque
828 1575 1072 1676 mythographi
1111 1603 1186 1650 non
1223 1577 1329 1652 semel
1367 1596 1518 1668 textus,

500 1721 716 1798 quamquam
746 1693 881 1795 Hygini
919 1722 1051 1769 nomen
1084 1696 1224 1786 iactat,
1262 1725 1347 1772 cum
1378 1695 1518 1772 Placidi

500 1816 640 1916 scriptis
660 1815 842 1914 congruit:
867 1815 973 1890 cuius
1000 1815 1052 1890 rei
1079 1815 1259 1916 duplicem
1277 1819 1350 1892 sere
1377 1845 1519 1892 causam

502 1933 644 2010 credere
671 1933 783 2030 licet3
818 1950 898 2008 tum
928 1933 1013 2034 quia
1045 1933 1218 2009 nimirum
1250 1933 1419 2010 Placidus
1451 1937 1522 2036 pla·

504 2055 608 2153 giarii
627 2081 723 2128 more
743 2081 779 2128 se
794 2047 958 2152 gesserit,
978 2079 1050 2154 quo
1065 2079 1149 2128 eum
1160 2049 1249 2128 'vitio
1265 2052 1430 2129 Barthius
1445 2055 1519 2132 adv.

502 2173 563 2250 lib.
585 2170 665 2248 LII.
691 2172 748 2248 13.
768 2171 922 2248 laborare
943 2171 1217 2270 auirnadrertit3
1238 2189 1318 2247 tum
1347 2173 1431 2272 quia
1455 2175 1524 2246 for-

499 2311 591 2368 tasse
626 2291 795 2368 Placidus
830 2293 993 2368 universo
1029 2289 1170 2391 Hygino
1206 2318 1331 2366 manus
1367 2291 1519 2382 intulit,

503 2437 657 2514 eumque
682 2412 727 2486 ad
757 2411 1008 2513 compendium
1037 2411 1214 2504 contulit,
1244 2427 1285 2485 ut
1315 2411 1409 2484 idem
1438 2410 1520 2484 Bar·

500 2530 600 2605 thius
623 2525 690 2606 lilr.v
708 2527 852 2605 XXIII.
884 2556 939 2605 rr.
965 2519 1213 2628 suspicabatur.
1241 2527 1355 2606 Stilus
1381 2530 1518 2631 inquit,

506 2647 695 2742 „Placidi
721 2648 919 2724 simillimus
946 2666 998 2722 est
1029 2676 1150 2724 esrum
1180 2649 1400 2741 fabularum,
1430 2679 1521 2751 quae

505 2827 531 2860 „
556 2769 660 2868 vulgo
685 2766 825 2869 Hygino
850 2768 1118 2859 adscribuntur,
1145 2769 1205 2842 sed
1224 2769 1348 2870 utique
1369 2771 1407 2842 in
1429 2797 1522 2844 com·

506 2889 730 2990 „pendium
757 2916 777 2962 a
807 2891 929 2964 nescio
961 2916 1033 2990 quo
1062 2889 1221 2964 redactae
1251 2909 1358 2980 sunt,
1390 2908 1427 2964 et
1453 2893 1523 2964 for-

505 3067 532 3102 „
556 3027 644 3084 tasse
664 3008 794 3082 abhoc
815 3008 940 3084 eodem
958 3010 1128 3110 scriptore
1152 3007 1343 3112 (Placido)
1366 3011 1430 3112 qui
1450 3012 1521 3111 epi·

507 3183 532 3218 „
558 3143 667 3200 tomes
694 3127 906 3201 concinnare
927 3127 1132 3202 adsueverat
1155 3185 1189 3219 ,‚.
1211 3127 1361 3204 Accedit
1381 3129 1440 3203 illa
1464 3159 1519 3204 ye-

502 3249 536 3319 ri
561 3245 753 3320 similitudo
780 3247 874 3348 quod
894 3247 938 3320 ad
960 3245 1114 3322 Statium
1133 3245 1298 3322 Placidus
1324 3249 1431 3323 nullis
1450 3277 1521 3322 sae-

503 3371 584 3470 pius
610 3369 809 3442 auctoribus
841 3370 975 3459 utitur,
1005 3397 1112 3470 quam
1144 3369 1316 3470 Virgilio,
1352 3371 1519 3463 Horatio,

502 3506 607 3589 atque
635 3486 803 3584 Lucano;
832 3489 868 3562 id
895 3490 989 3591 quod
1017 3517 1037 3563 a
1063 3505 1183 3563 nostro
1214 3519 1354 3590 quoque
1388 3493 1523 3591 mytho-

506 3609 636 3709 grapho
669 3607 865 3683 lectitatum
895 3609 1063 3683 videmus.
1095 3609 1187 3683 Rem
1218 3637 1316 3684 nunc
1352 3611 1521 3711 prolixius

503 3755 637 3827 urgere
654 3755 729 3801 non
753 3727 855 3824 libet3
880 3727 940 3800 sed
966 3727 1053 3802 illud
1077 3729 1200 3828 ¹potius
1225 3729 1419 3803 admonebo
1452 3730 1521 3803 lec·

504 3867 620 3937 tores,
645 3874 701 3922 mo
726 3845 866 3922 Placidi
890 3875 1029 3948 quoque
1056 3848 1183 3945 glossas
1211 3877 1254 3923 ex
1278 3865 1519 3949 quatuoryat.

503 3967 706 4057 codicibus,
732 3993 941 4068 quamquam
964 3968 1035 4040 heu
1060 3967 1350 4058 mendosissimis,
1376 3968 1516 4066 vulgan-

502 4091 562 4166 das
587 4089 786 4178 censuisse,
818 4113 967 4190 quarum
990 4102 1070 4162 autc
1096 4086 1159 4162 hos
1184 4115 1295 4166 annos
1320 4086 1519 4165 Mediolani
