3666 5338
562 617 606 704 44
843 613 1209 686 urruocrtruus
1233 617 1260 684 1.

552 785 634 840 mian
653 801 713 838 curn
730 781 855 842 haberet,
872 781 945 855 quod
963 798 1022 835 curn
1086 797 1145 838 rar·
1163 779 1252 838 Liberi
1271 793 1298 840 et
1316 781 1386 842 lovis
1403 781 1566 841 flamonia

552 873 615 928 iove
642 869 851 929 concubuisset,
884 870 913 924 in
942 885 1019 922 auum

553 977 699 1019 conversa.
726 957 777 1012 hue
804 957 924 1016 fallacia,
945 965 975 1008 ut
992 973 1021 1009 se
1115 901 1240 1019 Liber.
1253 957 1468 1030 seuDionysius.
1488 977 1548 1014 cunr

553 1047 588 1101 th
607 1045 710 1102 invidia
728 1044 884 1116 cuiusquam
907 1041 1019 1096 ulcisce-
1077 1046 1157 1100 indos
1176 1059 1294 1119 peteret.
1312 1057 1339 1100 et
1367 1065 1413 1118 per
1440 1045 1546 1100 Xeroli-

553 1147 643 1194 retnr‚
661 1135 767 1190 hortata
786 1144 827 1190 est
844 1151 918 1192 eam,
936 1142 967 1185 ut
980 1143 1019 1186 ts-
1075 1131 1156 1202 byanr
1174 1134 1322 1188 exercitum
1340 1133 1447 1190 duceret
1483 1134 1548 1188 iati-

554 1223 692 1297 lepignus
710 1224 804 1278 auroris
825 1240 842 1275 a
860 1223 921 1277 love
944 1231 1019 1291 pete-
1076 1233 1153 1290 gatus
1172 1223 1235 1292 siti,
1258 1223 1329 1281 lavis
1348 1223 1391 1279 sui
1404 1222 1488 1296 petris
1501 1239 1547 1274 au·

554 1324 613 1373 ret,
631 1312 743 1384 proinde
766 1311 910 1366 auctoritas
935 1309 1019 1379 ipsius
1078 1309 1172 1364 uilium
1196 1311 1369 1384 implorerit:
1398 1322 1426 1366 et
1453 1309 1545 1366 statim

554 1399 711 1456 concubitus
730 1398 840 1468 insignis
852 1406 929 1453 esset.
942 1391 1020 1466 Quod
1076 1397 1134 1451 viso
1153 1397 1251 1457 ariete.
1275 1398 1332 1453 fons
1358 1407 1466 1454 secutus
1492 1406 1545 1450 est.

554 1507 614 1545 curn
641 1487 853 1560 impetravissety
882 1484 947 1538 deus
975 1483 1021 1538 in-
1078 1487 1154 1542 Unde
1171 1486 1271 1541 iactam
1288 1497 1329 1541 est
1347 1486 1382 1541 nh
1409 1503 1440 1541 eo
1468 1485 1547 1540 dein-

553 1588 670 1634 structus
689 1573 833 1630 tonitribus
853 1591 884 1627 nc
900 1570 1019 1625 iulrnini·
1077 1590 1138 1646 ceps
1155 1573 1229 1632 leri.
1247 1573 1387 1628 nannoni
1406 1571 1441 1626 nh
1462 1572 1543 1625 hcre·

552 1663 604 1718 bus
629 1664 735 1718 dornunr
758 1661 866 1716 Semeles
889 1659 1019 1728 ingresus
1077 1664 1119 1716 nis
1146 1662 1243 1721 dicto.
1271 1637 1459 1716 similachrnnr
1484 1679 1543 1716 curn

552 1761 602 1809 cst·
620 1752 736 1824 Decepta
752 1758 794 1804 est
810 1747 929 1820 optatisy
949 1754 1019 1801 tecta
1078 1749 1166 1823 eapite
1183 1746 1305 1806 arietino·
1323 1750 1402 1820 Quod
1419 1749 1479 1804 ideo
1496 1748 1546 1802 fin·

551 1853 580 1897 et
599 1841 682 1915 ipsun
701 1842 805 1894 hamma
833 1834 947 1892 adussit.
972 1833 1017 1888 Li-

549 1929 642 1986 lrerurn
661 1938 816 2002 conceptum
833 1937 914 2002 utero*
928 1922 1018 1996 iuppi-

552 2031 593 2074 ter
612 2019 734 2074 incendio
746 2016 859 2090 eripuit.
877 2032 908 2068 ac
926 2015 1020 2068 femore

553 2107 637 2162 insuit
663 2123 729 2162 suo.
758 2107 850 2159 Postea
882 2102 1019 2174 completis

552 2193 702 2251 mensibus.
721 2194 844 2264 nymphia
870 2207 939 2261 quae
965 2188 1017 2242 Ni·

552 2298 607 2335 sam
620 2292 734 2335 montem
749 2278 841 2332 indiae
853 2275 1019 2348 perfrequen-

551 2368 655 2427 tabant.
679 2368 745 2421 ciam
763 2365 878 2421 tradidit
896 2366 1017 2418 nutrien-

552 2456 624 2508 dum·
642 2454 706 2507 vn.
723 2453 793 2508 enirn
813 2452 919 2506 iuertnt
943 2469 1017 2505 soro·

553 2561 611 2602 res.
637 2541 742 2598 eaedem
768 2541 900 2613 nymphae
926 2540 1016 2594 Dodo·

551 2630 632 2684 uidae
651 2629 814 2702 appellatam
833 2644 934 2697 quaen
963 2629 1017 2696 Ly-

1078 1846 1164 1913 yitur‚
1182 1843 1248 1914 quit
1266 1841 1338 1898 uotis
1352 1839 1392 1914 (ι)
1406 1841 1463 1896 cius
1480 1851 1544 1896 tunt

1078 1931 1198 1988 involuta
1217 1947 1348 2004 responsa·

1097 2119 1154 2160 122·
1172 2103 1262 2158 Liberi
1280 2112 1307 2157 et
1331 2101 1540 2173 Tyrrhenorum.

1111 2222 1208 2339 Curn
1227 2279 1346 2348 tyrrheni
1365 2290 1462 2334 nautae
1480 2278 1543 2334 dor·

1076 2368 1200 2422 unientem
1218 2370 1246 2422 in
1264 2369 1342 2422 litare
1358 2367 1481 2422 Liberum
1497 2385 1543 2440 pa·

1077 2467 1143 2510 tren
1161 2455 1344 2512 inuenissent.
1364 2453 1456 2508 iurtim
1483 2472 1544 2508 enm

1076 2543 1106 2596 in
1122 2543 1211 2598 navim
1228 2560 1303 2596 suam
1320 2553 1477 2613 rapuerunt.
1489 2543 1544 2613 Qui

1076 2649 1135 2684 cum
1153 2642 1223 2684 esset
1240 2639 1407 2702 experrectus
1420 2629 1448 2682 in
1460 2629 1539 2688 navi.

550 2735 629 2787 surgo
647 2719 753 2788 iugatae
772 2719 806 2771 ad
824 2717 931 2770 Thctirn
955 2737 1017 2788 pro-
1076 2735 1130 2788 quo
1141 2717 1279 2770 duceretur
1291 2714 1470 2784 utenognvia
1482 2715 1543 2769 hes·

551 2805 689 2873 ingerunt.
708 2817 738 2860 ut
748 2805 842 2860 scribit
854 2805 1017 2874 Pherecydes
1075 2808 1225 2880 ponderant
1245 2807 1300 2866 iili.
1319 2825 1372 2878 quo
1391 2807 1477 2868 veliet.
1497 2807 1541 2862 Li·

550 2907 578 2949 ct
597 2895 774 2968 Asclepiades.
794 2895 878 2967 Quam
898 2893 932 2948 ob
950 2911 1017 2946 cau·
1074 2896 1121 2950 ber
1140 2896 1180 2951 nit
1198 2896 1232 2948 ad
1250 2896 1354 2950 Naxum
1372 2895 1484 2950 insulam
1502 2895 1542 2950 si-

551 3001 606 3036 sum
625 2981 659 3036 ab
677 2983 739 3038 iove
756 2982 795 3036 eis
814 2984 899 3050 gratia
919 2993 958 3035 est
978 2999 1016 3035 re·
1074 2983 1103 3036 hi
1113 2995 1251 3040 sacratam.
1269 2983 1312 3036 Illi
1328 2992 1417 3037 autern
1436 2983 1489 3038 aiio
1501 3001 1543 3038 vc·

551 3075 619 3130 latu.
646 3070 720 3142 quod
749 3071 816 3124 intur
842 3071 929 3124 sidera
953 3080 1016 3124 sunt
1073 3071 1099 3124 la
1118 3073 1220 3124 flectere
1238 3069 1542 3142 coeperunt-*Quamob-

551 3162 727 3218 coustitutae.
744 3177 814 3231 quae
831 3159 896 3212 vll.
909 3176 1017 3213 numero
1074 3175 1128 3212 rent
1148 3175 1243 3212 numen
1262 3158 1376 3218 iratum,
1395 3158 1475 3226 tigres
1488 3155 1542 3210 sihi

550 3251 657 3320 Hyades
675 3258 738 3303 sunt
766 3247 922 3321 appellatae.
948 3247 1017 3302 Hinc
1075 3247 1178 3302 dicatas
1196 3245 1298 3302 risibus
1316 3265 1405 3302 eorum
1422 3245 1542 3310 obiecitr

550 3337 630 3392 Liber
659 3348 751 3409 pater.
779 3353 825 3390 seu
852 3335 1016 3405 Dionysius,
1074 3336 1345 3406 quarumiiiiterrore
1354 3334 1543 3406 perterritise«

550 3429 664 3496 tigribus
683 3426 773 3483 sedere
801 3423 917 3482 dicitur,
944 3424 1017 3494 quod
1074 3421 1311 3496 septaecipitesin
1328 3423 1425 3475 fluctus
1436 3419 1541 3474 dedere.

549 3517 634 3570 nranis
651 3517 799 3573 vinolentia
817 3514 920 3568 feritati
947 3533 1017 3568 senr-

548 3622 596 3675 per
614 3603 736 3660 insistat:
761 3615 788 3660 ct
815 3605 917 3672 Lyaeus
944 3603 1013 3656 dici·

550 3700 595 3744 tur
611 3691 689 3760 quasi
706 3691 838 3744 lenitatem
866 3699 1013 3761 praestans.

548 3779 656 3832 Iuvenis
672 3790 760 3832 autern
787 3780 925 3851 pingitur,
949 3782 1013 3851 quia

549 3865 663 3922 ebrietas
675 3884 818 3937 numquam
831 3877 934 3929 matura
946 3881 994 3925 est.

1148 3599 1208 3656 123·
1228 3599 1316 3654 Liberi
1337 3597 1422 3672 patris
1443 3609 1472 3653 et

1210 3687 1323 3755 Lycurgi
1342 3685 1420 3753 regis.

1107 3813 1269 3939 Lycurgus
1285 3885 1329 3922 res
1347 3863 1477 3920 Thraciae
1488 3861 1540 3920 tuit

458 4033 466 4074 i
575 4026 615 4091 (1)
631 4033 696 4078 listis
712 4007 797 4078 arcanis
814 4029 916 4080 scilicet.
933 4029 973 4077 val
988 4031 1175 4094 hieragiyphieir.
1194 4029 1269 4080 codor
1286 4029 1352 4074 hahet
1369 4031 1441 4075 tiaris.
