3660 5358
651 651 709 720 [tlt
732 646 952 716 PLUTONE.

291 828 385 874 turus.
403 827 431 870 et
458 817 492 871 ab
520 816 636 871 inimicia
661 815 780 882 uilillua

292 909 463 962 nunciaretur
475 905 624 964 extiuutua.
644 915 674 958 ut
693 904 780 976 pollu-

291 1005 334 1048 tua
346 994 469 1048 dedicare
484 1012 535 1046 non
554 1003 654 1064 pometa
674 1009 779 1063 reapon-

291 1080 352 1139 dir.
371 1080 483 1138 cadaver
496 1080 552 1142 sita
570 1096 618 1132 nec
633 1079 717 1132 voluit
735 1078 780 1132 ln-

290 1184 340 1222 nua
352 1185 505 1236 agnoscere.
524 1168 608 1220 donec
623 1167 717 1238 templa
733 1166 779 1218 de.

292 1257 414 1310 ditasset.
433 1255 503 1308 llinn
518 1256 622 1310 bouem
634 1266 717 1308 morte
733 1255 779 1308 Pa·

291 1344 373 1398 linuri
391 1342 543 1402 luneatrto.
560 1363 614 1398 non
632 1344 705 1414 quod
719 1359 778 1396 eum

292 1443 423 1486 naurtuunr
440 1431 571 1489 vidisset.
587 1431 635 1485 aeal
647 1431 720 1501 quod
734 1428 779 1482 iu-

291 1537 342 1573 nna
361 1519 419 1574 einr
432 1528 587 1586 agnoverat.
606 1529 634 1572 et
649 1518 711 1571 tude
728 1517 779 1570 to.

291 1603 394 1660 luerat.
413 1605 483 1659 undu
502 1615 545 1658 eta
562 1623 698 1678 carusque
711 1607 777 1657 urai·

1237 669 1301 740 any

835 825 1020 872 materteram.
1038 813 1157 870 amitam.
1176 815 1253 870 Unde
1270 834 1324 870 aaa·

835 912 876 955 ter
889 902 1011 972 Euryali:
1024 919 1074 956 nen
1086 913 1136 956 trra
1144 903 1254 975 staram
1264 897 1325 960 ma-

836 1001 889 1044 ter.

867 1091 910 1150 39-
930 1077 997 1132 Vale
1011 1096 1071 1132 vern
1088 1079 1198 1133 nonan
1213 1077 1269 1132 diei
1286 1097 1326 1135 aa*

833 1176 991 1224 reumont.
1011 1184 1063 1219 non
1082 1166 1155 1236 quod
1172 1166 1260 1220 valere
1277 1179 1326 1220 aut

833 1254 903 1308 aalri
917 1273 973 1310 ease
992 1255 1113 1326 possint.
1131 1254 1179 1308 aad
1198 1254 1271 1324 quod
1289 1253 1324 1308 ab

832 1341 876 1396 laia
901 1341 1084 1400 discedamus.
1110 1358 1253 1412 numquam
1280 1359 1324 1396 eoa

833 1431 928 1484 vunai·
948 1431 1017 1484 lline
1036 1441 1124 1486 ortum
1143 1441 1197 1492 eat.
1216 1443 1248 1486 ut
1266 1451 1325 1484 ma-

832 1517 925 1571 ledicti
943 1519 1163 1588 significationem
1180 1519 1239 1574 vale
1256 1519 1324 1590 opti·

832 1615 901 1658 neat-
922 1605 1129 1662 UaTerentiurr
1146 1608 1258 1660 valeant
1271 1607 1324 1678 qui

290 1713 362 1746 mum
371 1697 619 1758 eorrcusauanmr'cr'g
632 1693 778 1766 ipsa.quod
830 1694 908 1744 irater·
920 1710 971 1745 rana
984 1693 1134 1746 discidium
1148 1694 1254 1746 nolunt.
1269 1693 1325 1748 linc

293 1783 414 1854 implerat
436 1803 505 1854 quae
532 1794 674 1853 agnoverat
690 1794 717 1838 et
743 1784 778 1838 de

290 1872 389 1940 quilius
408 1872 545 1929 doluerat.
566 1872 674 1926 llumina
698 1873 734 1925 ad
749 1889 778 1928 se

290 1959 452 2029 expiandum
483 1959 638 2029 priusquam
670 1960 705 2012 ad
731 1978 777 2012 aa·

291 2063 336 2097 tra
358 2045 532 2100 accedunto
552 2057 627 2100 sexto
652 2047 778 2102 aeneidos

291 2144 478 2188 monstrantur·
501 2135 648 2189 §mnndum
666 2137 778 2190 eundern

291 2221 371 2274 etiarn
392 2222 473 2276 ritnur
502 2222 530 2276 in
554 2223 614 2275 ·lll·
643 2223 780 2278 inducitur

292 2319 355 2361 ante
376 2309 458 2364 saeris
481 2329 585 2382 operam
610 2310 781 2382 impendere.

292 2409 319 2451 et
339 2399 377 2452 tic
399 2399 433 2452 aal
452 2400 537 2452 socios
556 2419 571 2450 a
590 2400 718 2456 Pallantis
737 2418 780 2454 aa·

291 2487 383 2555 pulcro
400 2487 505 2540 reverti.
525 2488 610 2542 Varro
629 2499 716 2542 tamen
734 2487 780 2541 ali-

292 2572 331 2625 cit
357 2593 436 2644 pyras
467 2592 590 2648 eupreaao
622 2575 781 2630 circumdari

290 2671 398 2734 propter
413 2680 517 2731 gravem
535 2674 654 2716 ustorum
670 2663 779 2718 cadara·

292 2767 351 2802 rum
371 2745 496 2810 odoram
515 2769 548 2806 nn
567 2751 716 2812 offendatur
733 2772 781 2824 po·

292 2839 349 2910 puli
367 2840 563 2895 circumstantia
582 2859 692 2906 aorona5
711 2859 780 2911 quae

295 2929 395 2983 tamdiu
416 2931 506 2986 atabrt
529 2932 688 3004 reapondeua
707 2932 779 2986 lleti-

294 3015 343 3072 bua
369 3021 518 3090 praeficae.
547 3019 575 3072 irl
601 3031 642 3074 ert
663 3019 780 3092 principi

292 3105 462 3176 planctuum,
478 3108 607 3178 quamdiu
625 3118 780 3179 consumpto

294 3198 421 3252 caderem
440 3207 469 3250 et
491 3197 608 3250 collectis
628 3195 779 3257 cineribus.

294 3285 466 3340 novissimum
482 3283 611 3341 verbum.
629 3283 657 3336 tt
675 3293 716 3338 eat
734 3283 779 3336 ili-

294 3384 356 3432 cet.
384 3374 456 3444 quorl
482 3372 519 3426 ire
541 3373 606 3425 licut
628 3371 780 3440 signifieat.

293 3461 432 3516 diceretur.
461 3462 529 3514 Nam
554 3461 612 3513 vale
640 3458 780 3514 dicebatur

293 3562 354 3622 post
370 3549 465 3604 tumuli
484 3565 591 3621 quoque
607 3558 712 3620 peracta
726 3547 782 3600 aol-

294 3640 399 3694 lernnia.
428 3641 507 3694 Porto
537 3641 666 3710 praebeat
691 3637 780 3692 dieue

293 3743 356 3783 aunt
369 3728 499 3800 principer
514 3728 652 3798 planatus.
668 3745 720 3779 non
738 3725 781 3779 tlu-

293 3819 364 3872 loris.
383 3819 447 3870 Nam
468 3816 588 3872 lunerua.
606 3816 683 3885 qrroai
704 3813 779 3868 iune-

294 3925 367 3966 rens.
379 3905 561 3979 appellabant.
582 3905 615 3956 arl
626 3923 692 3976 quan
703 3903 782 3955 lrrnnr

296 3997 461 4073 pertint-bat.
475 4009 505 4050 ut
515 4006 639 4052 matrem.
654 4011 782 4051 aurorem.

832 1779 964 1834 notitae
980 1779 1056 1834 nobie
1074 1781 1214 1836 rliacerlant
1230 1793 1258 1836 et
1277 1801 1325 1854 pe·

833 1879 927 1925 reaut.
952 1881 983 1922 nt
1002 1880 1093 1924 nostro
1111 1885 1256 1939 numquam
1278 1887 1323 1924 ra·

833 1967 972 2010 vertantur
988 1959 1119 2030 aspectui.
1136 1957 1180 2010 stc
1197 1957 1327 2025 Virgilius

833 2045 916 2096 uiuite
944 2045 1043 2096 ar'lvoe.
1068 2045 1136 2098 llam
1162 2045 1236 2115 qnod
1258 2045 1325 2099 alibi

832 2135 914 2184 vivite
923 2133 1027 2202 felices
1046 2132 1101 2190 n't.
1119 2133 1187 2188 bene
1207 2136 1325 2207 optantis

834 2237 887 2272 nnn
900 2219 1083 2292 maledicentia
1092 2232 1146 2278 eet·
1158 2223 1227 2282 Sunt
1237 2231 1325 2276 auten

832 2306 901 2360 male
927 2306 1000 2359 diora
1021 2325 1067 2378 per
1093 2305 1255 2360 carnarium
1279 2306 1325 2360 in·

834 2403 935 2458 ventat
954 2404 985 2446 ut
1001 2395 1039 2448 ait
1056 2393 1134 2464 quaai
1153 2394 1228 2448 aalra
1245 2411 1326 2448 aena-

836 2486 910 2538 ratio.
930 2487 999 2554 Ergo
1015 2503 1076 2538 cum
1092 2496 1198 2540 mortno
1211 2483 1269 2538 vale
1282 2485 1326 2538 ‹tt-

835 2575 922 2634 citur.
941 2595 994 2630 non
1012 2575 1173 2646 etymologia
1193 2573 1241 2628 aad
1258 2591 1323 2629 oon-

834 2663 953 2728 aueturlo
971 2665 1164 2718 comiderunda
1181 2673 1242 2722 eat.
1261 2649 1326 2735 quia

834 2751 903 2806 nulli
926 2753 985 2806 vale
1009 2751 1123 2807 dicimus
1148 2751 1201 2806 ulai
1227 2771 1244 2805 a
1271 2771 1326 2822 quo

836 2847 998 2913 tepaiarnttr.
1024 2842 1103 2915 Apud
1131 2842 1220 2894 varias
1244 2841 1327 2896 etiam

835 2941 925 2998 genten
959 2931 1063 2984 diversa
1092 2930 1200 2984 luerunt
1231 2947 1327 2999 genera

833 3022 993 3092 aepulturae·
1013 3017 1086 3071 Alibi
1097 3019 1167 3072 enim
1178 3017 1327 3074 obrueban-

837 3120 904 3166 tur.
935 3107 1000 3160 alibi
1030 3106 1230 3164 exurebantur.
1260 3107 1326 3160 alibi

834 3199 955 3270 proprias
983 3195 1186 3250 remittebantur
1216 3194 1251 3247 ad
1276 3214 1326 3268 pa-

834 3287 919 3344 trias.
938 3285 1004 3338 alibi
1021 3285 1104 3340 etiam
1118 3281 1261 3356 perillera.
1282 3284 1328 3336 ali·

835 3374 863 3428 bi
877 3394 924 3447 per
937 3387 1048 3429 noctem·
1067 3374 1188 3443 Namque
1204 3371 1325 3426 lleraali-

837 3472 904 3520 tus.
929 3461 978 3532 qui
1000 3461 1088 3515 omnia
1117 3461 1176 3516 vult
1204 3478 1238 3515 ea
1266 3459 1327 3529 igne

836 3561 978 3606 conatae.
1002 3547 1070 3602 dicit
1094 3547 1191 3601 debere
1217 3563 1326 3618 aorpora

836 3639 866 3692 in
890 3639 976 3708 iguem
999 3637 1104 3691 resolvi.
1130 3635 1227 3690 Thalea
1248 3636 1326 3690 mile-

836 3729 908 3787 atus.
920 3728 969 3798 qui
979 3731 1067 3783 omnia
1076 3745 1109 3782 ea
1119 3727 1229 3781 humore
1241 3727 1324 3779 creari

836 3819 992 3874 confirmat.
1011 3833 1121 3886 corpora
1138 3814 1216 3868 utin
1234 3813 1325 3867 burno·

837 3927 890 3962 rena
903 3909 1066 3962 resolvantur
1074 3906 1209 3960 obruenda
1219 3917 1327 3959 eonten-

837 3999 888 4052 dit·
902 3997 969 4052 Saue
982 3996 1052 4070 aputl
1062 4007 1186 4066 antiquos
1195 4012 1250 4050 mus
1260 4005 1328 4050 attala
