3660 5358
559 648 622 714 230

530 823 608 858 unam
621 808 768 880 illam‚quae
778 829 809 863 et
820 807 939 863 omnibus
953 825 1011 859 ron·

531 896 660 948 sonantiis
677 899 830 953 coniicitur.
841 896 1012 948 harmoniam.

530 982 605 1035 L'ude
628 993 654 1036 et
676 997 794 1038 octavam
817 983 963 1038 Uraniaur.
986 980 1013 1032 id

528 1081 569 1122 est
588 1069 738 1136 caelestemr
752 1089 847 1124 nonam
872 1087 934 1122 vero
953 1087 1014 1120 rnu-

532 1175 602 1212 sam.
615 1158 696 1228 ipsam
716 1159 840 1212 videlicet
852 1169 911 1210 octo
921 1173 1014 1208 vocum

533 1247 729 1300 rmiverslt'atenr
745 1285 752 1306 .
770 1248 906 1318 Calliopen
926 1247 952 1297 irl
976 1257 1015 1298 est

532 1333 647 1404 optimae
657 1335 729 1388 vocis
742 1372 749 1392 .
761 1337 861 1387 dicunt·
870 1335 1015 1400 Secundum

529 1419 674 1486 Remigium
699 1433 785 1474 tamen
805 1421 956 1474 harmoniae
975 1437 1015 1470 ra-

528 1508 568 1559 tio
589 1508 666 1578 paulo
688 1509 763 1561 aliter
787 1511 953 1576 assignatur·
975 1509 1012 1560 Es

532 1605 602 1646 turra
619 1595 708 1652 euim.
728 1613 806 1664 quarn
827 1595 874 1648 alil
892 1593 1014 1646 immobi-

530 1680 597 1737 lem.
611 1691 638 1733 et
655 1681 712 1733 sine
725 1701 787 1734 sono
798 1699 854 1734 esse
876 1691 997 1734 asserunt
1008 1716 1015 1736 ι

530 1765 639 1819 inuuere
669 1768 776 1820 ridetur
800 1785 896 1822 nouum
922 1785 1015 1819 sonum

530 1839 689 1922 provenire·
714 1857 792 1908 l’orro
809 1855 888 1907 huius
911 1854 1017 1906 lraruro-

532 1939 594 1992 niae
607 1943 644 1994 sol
660 1931 780 2014 princeps
801 1953 858 1996 est:
872 1943 929 2013 ipse
946 1943 1016 1996 enim

533 2025 560 2078 iu
573 2027 658 2081 medio
671 2041 769 2100 septem
784 2029 970 2101 sphaerarum,
986 2039 1016 2082 ut

532 2113 665 2176 diximus,
674 2117 834 2168 constitutus
846 2151 852 2172 .
863 2133 952 2168 esrum
966 2125 1017 2167 sta·

533 2203 618 2254 tiones
633 2219 744 2258 ‚cursus
757 2239 763 2259 .
775 2213 802 2254 et
814 2219 935 2254 recursus
950 2237 957 2258 .
971 2201 1017 2254 ssd

531 2302 560 2346 ,et
570 2288 731 2342 elevationes
741 2300 767 2342 et
782 2289 960 2361 depressiones
970 2306 1019 2341 sua

532 2380 559 2430 ri
577 2381 681 2431 variare
701 2377 735 2429 ab
751 2378 886 2445 astrologis
898 2393 1019 2448 compro-

532 2466 620 2518 batur·
638 2467 797 2520 ludeetiam
816 2475 960 2533 musrgetes
972 2501 979 2522 .
992 2465 1019 2516 id

533 2565 572 2608 est
589 2571 717 2609 musarum
732 2555 851 2626 princeps
862 2555 948 2624 dictus
963 2563 1014 2606 est.

535 2647 604 2698 lllnc
628 2654 655 2696 ct
673 2657 771 2712 cygnus
790 2643 837 2701 el,
860 2643 925 2713 quia
943 2641 1019 2697 eino·

533 2753 561 2785 ra
582 2728 643 2786 aris'
662 2743 729 2790 cst.
754 2731 828 2784 lustu
848 2731 992 2800 Remigium
1012 2767 1021 2790 .

537 2829 702 2872 enumeratus
724 2829 770 2872 est.
791 2819 936 2873 Secundum
955 2839 1022 2874 uon·

534 2911 619 2963 stallos
634 2921 721 2962 tamen
737 2925 794 2960 cum
812 2909 866 2962 sint
880 2891 1022 2964 Nititur

537 2997 614 3060 aiunt
632 2994 722 3047 circuli
740 2995 888 3052 mundani.
907 3015 1021 3049 summus

534 3099 613 3152 quern
638 3092 771 3135 amstmm
791 3081 831 3154 (ι)
849 3082 965 3141 dicunt.
992 3095 1019 3136 et

536 3170 598 3224 item
620 3169 730 3222 ultimus
747 3168 796 3238 qul
819 3177 936 3222 terrenus
953 3181 991 3224 ert
1010 3207 1018 3229 .

534 3275 597 3315 sono
612 3273 689 3314 caret.
701 3261 803 3332 Septem
821 3271 883 3312 sunt
905 3261 1018 3330 reliqui.

534 3347 596 3398 Vll·
608 3347 759 3400 discrimina
772 3363 865 3400 vocum
881 3347 1018 3398 conlleien·

442 3478 445 3490 .
537 3433 1016 3506 trs,quat'umbarmuuiamOrpheus.

537 3535 563 3571 ur
573 3521 716 3590 perhibent.
722 3524 822 3594 primus
832 3521 1018 3591 deprehendit:

536 3611 606 3660 nudo
628 3619 654 3660 et
664 3613 667 3622 “
678 3608 809 3679 Apollinis
833 3608 1018 3678 Calliopesque

535 3697 604 3746 fitius
623 3695 719 3747 meruit
740 3696 875 3766 appellari.

571 3798 614 3834 ao.
626 3781 699 3834 vFuit
717 3794 803 3834 autern
821 3783 964 3854 Orpheos.
986 3793 1016 3836 ut

534 3867 704 3939 puorillnluru
718 3871 895 3941 expatiemur'.
909 3871 949 3924 vlr
964 3889 1016 3926 uta.

566 3997 606 4061 (r)
623 3992 713 4048 simius
732 4017 781 4049 aea.
793 3997 897 4057 virili.

747 643 1109 714 attullouutruus
1134 643 1324 712 TEllTlUS

1071 807 1154 858 xima«
1174 819 1227 858 tam
1248 806 1343 869 ingenii
1373 802 1555 860 claritudine.

1069 891 1555 964 quameloquentiaesrraritateprae·
1636 925 1641 932 .

1070 977 1179 1047 fulgens·
1189 978 1313 1031 Sacerdos
1326 978 1414 1030 dictus
1422 989 1462 1029 est
1473 1015 1480 1034 .
1492 975 1557 1045 (puio

1070 1075 1098 1120 et
1117 1067 1251 1134 theologus
1268 1065 1337 1122 luit.
1361 1077 1389 1118 et
1407 1066 1480 1132 orgia
1496 1064 1553 1134 pri-

1071 1169 1128 1204 mus
1148 1153 1273 1206 instituit.
1291 1154 1347 1222 lpse
1365 1153 1445 1204 etiam
1464 1151 1551 1202 bomi-

1072 1259 1117 1294 nes
1132 1240 1347 1294 irrationabiliter
1364 1243 1483 1293 viventes
1497 1239 1554 1290 rhe-

1075 1335 1157 1382 tnriur
1175 1331 1313 1381 ‹lulredine
1330 1347 1360 1381 ea
1379 1329 1440 1381 ioris
1458 1339 1485 1380 ct
1506 1329 1557 1379 im-

1071 1419 1191 1472 manibus
1201 1421 1277 1470 mites
1290 1418 1406 1470 reddidit
1421 1453 1428 1474 .
1444 1429 1471 1472 et
1488 1435 1558 1470 urau-

1070 1517 1158 1560 suetos
1182 1523 1215 1558 cx
1236 1506 1308 1574 ragis
1330 1505 1458 1574 durisque
1480 1521 1557 1556 com-

1071 1592 1179 1664 posuit:
1203 1593 1272 1644 uude
1292 1603 1319 1644 et
1334 1591 1435 1644 bestias
1451 1591 1556 1659 quasli-

1072 1679 1136 1738 bet.
1157 1680 1273 1732 volueres
1285 1715 1292 1734 .
1304 1691 1331 1732 et
1346 1679 1439 1732 duvios
1454 1717 1461 1736 .
1473 1696 1536 1731 saxa
1548 1713 1556 1732 .

1071 1780 1098 1822 et
1120 1769 1223 1822 arbores
1243 1769 1341 1821 dicitur
1364 1767 1492 1820 movisse·
1516 1767 1559 1818 ste

1076 1859 1208 1930 Amphion
1216 1857 1365 1910 Thebarum
1382 1857 1518 1912 conditur.
1532 1865 1559 1906 et

1076 1945 1131 2017 ipse
1158 1946 1274 1999 oratoria
1296 1944 1421 1997 facultate
1450 1943 1561 1994 eximius

1074 2043 1152 2085 catatu
1174 2033 1292 2102 lapides,
1316 2043 1343 2083 ut
1358 2041 1451 2100 sponte
1465 2036 1563 2080 critaru-

1076 2131 1115 2174 tes
1136 2137 1238 2172 murum
1258 2123 1432 2181 conticerent.
1454 2119 1562 2184 fingitur

1076 2210 1188 2262 illexisse
1204 2228 1213 2272 3
1233 2210 1297 2278 quia
1310 2209 1425 2278 stupidis
1442 2205 1563 2258 anteho-

1076 2294 1194 2349 minibus
1212 2305 1240 2348 et
1260 2295 1325 2348 iuris
1346 2293 1444 2360 ignaris
1459 2291 1564 2363 dispar·

1076 2385 1178 2455 simque
1190 2383 1229 2456 (a)
1251 2381 1408 2448 degentibus
1425 2391 1455 2434 ut
1469 2397 1564 2432 convo

1077 2471 1183 2527 uirent.
1205 2469 1318 2521 civiliter
1339 2468 1524 2522 conviverent.
1538 2476 1566 2519 et

1078 2558 1113 2610 ad
1135 2555 1267 2628 publicam
1297 2555 1436 2608 tuitionem
1462 2553 1564 2606 moenia

1078 2655 1261 2720 construerent
1278 2681 1285 2702 .
1305 2645 1429 2696 melliflua
1447 2643 1566 2697 oratione

1078 2736 1244 2808 persuaserit.
1263 2735 1329 2786 Sane
1348 2731 1468 2804 Orpheus
1489 2729 1561 2801 opti·

1078 2841 1120 2876 ma
1143 2841 1193 2877 ror
1215 2822 1404 2893 interpretatur
1427 2855 1434 2878 ‚
1457 2819 1563 2888 dequo

1076 2915 1145 2968 hanc
1165 2911 1277 2964 fabulam
1298 2912 1419 2977 fingunt.
1441 2907 1561 2979 Orpheus

1079 3003 1228 3073 Eurydicen
1237 2998 1561 3071 nymphamamaritmam·

1076 3111 1129 3164 qne
1147 3109 1211 3144 sono
1227 3089 1345 3142 citharae
1362 3087 1477 3139 muleens
1491 3103 1557 3138 uro·

1076 3195 1129 3231 rem
1144 3177 1222 3231 duxlt
1232 3195 1238 3227 r
1250 3193 1328 3246 quam
1342 3175 1404 3226 dum
1420 3173 1558 3226 Aristaeus

1073 3277 1162 3339 pastor
1177 3281 1265 3317 amaus
1273 3272 1423 3332 sequeretur
1435 3297 1442 3320 ‚
1454 3259 1558 3328 fugiens

1073 3353 1101 3405 iu
1120 3361 1265 3422 serpentem
1286 3345 1383 3402 incidit
1402 3358 1558 3416 mortuaque

1073 3450 1130 3494 est·
1143 3441 1250 3509 Propter
1263 3437 1331 3490 haue
1344 3437 1454 3488 maritus
1469 3433 1502 3484 ad
1515 3433 1559 3484 in-

1075 3523 1313 3583 leros'ldeseendit.
1333 3527 1465 3593 legemque
1484 3537 1559 3574 acce-

1075 3615 1135 3686 pit.
1155 3633 1188 3668 ne
1207 3631 1263 3667 earn
1286 3629 1423 3666 conversus
1444 3611 1559 3681 respice-

1075 3697 1131 3754 ret':
1150 3719 1228 3771 qaam
1247 3715 1385 3752 conversus
1406 3697 1553 3767 aspiciens.

1074 3789 1192 3862 perdidit
1213 3789 1314 3841 iterum.
1322 3786 1393 3838 llaec
1406 3784 1493 3836 labala
1512 3801 1557 3835 ar-

1074 3875 1109 3930 tis
1131 3873 1244 3928 musicae
1259 3911 1265 3930 .
1284 3875 1358 3926 iuxta
1371 3873 1393 3924 F
1394 3871 1556 3940 ulgeutiom.

1100 4005 1139 4072 (a)
1157 4011 1192 4052 lta
1211 4007 1299 4057 sodes,
1317 4023 1359 4051 arou
1376 4007 1513 4066 ‹disper-alm·
