3606 5356
676 611 937 662 auossss.
1210 589 1286 687 445

300 767 456 856 Caltha,
475 795 590 868 genus
612 771 794 874 quoddam
799 773 912 872 floris
934 779 987 848 oei
1008 771 1153 850 herbae.

299 887 528 975 Gonoinmzt,
550 906 771 976 consonant,
795 898 1027 966 consentiunt.

299 1004 494 1094 Concinis,
516 1015 700 1082 consentis.

297 1121 442 1198 Choros
465 1130 631 1200 excitare
642 1183 657 1212 ,
678 1140 805 1201 amitus
825 1127 958 1204 dicere.

298 1241 446 1320 Chorus
466 1251 582 1332 enim,
599 1253 754 1348 proprie
775 1249 964 1322 mamam
987 1265 1039 1324 est
1059 1253 1290 1326 emulantium.

299 1365 456 1467 Compos
477 1365 631 1452 dicitur,
649 1373 711 1442 cui
726 1375 951 1442 contrarium
972 1384 1024 1442 est
1046 1375 1186 1472 impos,
1207 1368 1315 1442 idest

349 1489 474 1560 anemis
496 1489 643 1558 alicnus.

299 1605 562 1680 Comesutiones
578 1664 593 1692 ,
619 1614 776 1682 convivia
795 1665 810 1694 ,
836 1623 872 1682 et
891 1607 1081 1683 scribimus
1106 1633 1177 1682 urm
1203 1636 1257 1681 ·m·
1279 1619 1314 1680 et

349 1750 422 1798 urm
445 1751 479 1797 ·s·

299 1842 473 1931 Calidas,
499 1843 606 1919 bomo
631 1845 811 1918 interdum
823 1845 976 1946 fervens
991 1902 1007 1931 ,
1035 1846 1216 1920 interdum
1228 1845 1314 1949 for·

346 1969 392 2036 tis
413 1969 640 2062 intellegitur.

297 2077 502 2186 Complicos
521 2099 604 2157 stou
617 2091 683 2187 qui
705 2109 776 2158 uno
790 2100 945 2186 peccato
964 2089 1018 2157 rel
1036 2099 1143 2159 reatu
1160 2101 1224 2160 aut
1244 2093 1314 2161 cri-

350 2209 444 2277 mine
466 2207 587 2278 iuncti.

297 2324 467 2409 Caesim,
485 2347 557 2424 per
578 2322 729 2408 caedes,
750 2323 929 2426 quonsodo
951 2329 1101 2401 vicissim
1120 2350 1192 2426 per
1212 2331 1314 2399 oices.

297 2445 493 2518 Caoamina
505 2498 520 2528 ,
540 2455 622 2517 sunt
642 2447 724 2518 loca
746 2456 881 2518 cavata.

298 2563 363 2638 Cis
384 2560 574 2649 Rhenum,
595 2566 689 2636 inter
710 2561 876 2636 Rhenum
899 2567 1131 2638 coniecturae
1139 2563 1280 2668 factae.

296 2681 455 2783 Cocytos
479 2685 594 2754 anulis
609 2738 625 2767 ,
636 2681 796 2780 stunu'na
823 2687 928 2778 igneo
955 2683 1057 2783 opud
1081 2683 1217 2786 inferos
1233 2743 1248 2772 ,
1278 2685 1318 2757 id

346 2818 399 2878 est
418 2808 455 2876 iu
477 2797 664 2876 barathro.

297 2923 448 2997 Cadmus
469 2979 484 3008 ,
517 2927 678 2997 calamus
708 2929 830 3025 spicae
865 2929 931 3025 quui
962 2951 984 2994 a
1023 2923 1208 3000 radicibus
1240 2931 1317 3000 cius

345 3048 519 3118 nascitur.

296 3161 506 3264 Caespites,
513 3161 725 3265 fructices,
746 3175 781 3234 a
801 3161 991 3236 scribimus
1012 3159 1282 3263 diphthongum.

296 3281 493 3356 Commissa
515 3285 677 3368 lumina,
701 3286 825 3354 imwta
846 3285 901 3354 vel
921 3285 1054 3356 clausa.

297 3401 541 3487 Contractus,
566 3401 702 3476 dicitsm
724 3404 902 3501 placitum
927 3405 981 3475 vel
1007 3406 1138 3475 cautio.
1165 3402 1316 3478 Dicitur

345 3535 552 3595 comractus
573 3535 608 3594 et
629 3518 736 3594 isonia
758 3519 885 3595 debilis
902 3547 975 3622 per
996 3525 1125 3593 omnio.

296 3640 554 3727 Clandestbta,
577 3665 638 3714 res
658 3645 810 3714 occulta.

296 3761 499 3857 Congesta,
519 3760 693 3835 dicuntm
713 3787 809 3864 quae
830 3787 883 3834 ox
905 3767 1023 3836 mritis
1044 3769 1082 3834 in
1104 3789 1215 3838 mium
1232 3789 1314 3838 con-

343 3893 525 3975 geruntur
545 3894 583 3951 ut
591 3879 713 3982 faba,
734 3895 867 3966 vastes,
889 3881 1150 3984 etfrmnenta,
1172 3897 1234 3956 aut
1249 3910 1315 3984 pa-

268 3996 318 4104 L
347 4003 426 4075 leae
452 4003 489 4070 in
510 4013 646 4076 siriam
668 4013 866 4098 congestae.
