3666 5338
761 550 888 622 lanan
910 551 971 618 nr.
1294 575 1337 646 79
1381 619 1383 628 ,

338 731 401 796 aad.
412 730 451 782 De
469 725 545 780 CCC·
565 717 658 774 Fabiis
677 717 788 776 occisis,
814 791 816 796 Α

452 833 506 868 uuo
519 807 672 884 superstite.

375 935 528 1046 Trecenti
544 998 572 1040 et
585 1003 631 1038 sex
654 981 762 1036 luerunt
776 978 809 1030 de

337 1098 390 1133 una
425 1064 525 1131 lamilia
562 1073 727 1129 Fabiorum.
758 1068 807 1140 qui

339 1185 398 1220 eum
430 1163 643 1220 coniurationes
666 1155 748 1212 servis
781 1166 809 1208 et

339 1255 485 1308 clientibus
495 1252 551 1304 ouis
572 1260 664 1302 eontra
686 1246 809 1298 Veientes

338 1346 515 1398 dimicarent.
534 1339 640 1392 insidiis
653 1337 724 1408 apud
743 1337 811 1390 Cre-

339 1450 436 1484 meram
451 1429 560 1482 durium
572 1424 724 1495 interempti
735 1432 806 1474 strut-

339 1523 413 1573 Uuns
430 1529 534 1572 tanturn
550 1525 679 1586 superstes
690 1513 742 1564 luit
754 1512 809 1564 Fa-

338 1609 401 1662 bius
413 1601 563 1662 Maximus.
583 1604 631 1674 qui
647 1612 755 1674 propter
774 1609 811 1652 te-

340 1688 811 1764 aeramadhucpueritiamineivita·

342 1795 368 1838 te
385 1785 554 1837 remanserat.
575 1777 624 1829 ilie
646 1789 737 1848 postea
752 1792 812 1827 cum

346 1872 505 1926 Hannibalis
524 1871 650 1943 impetum
671 1871 717 1936 (r)
746 1865 815 1918 lerre

347 1978 398 2013 uon
408 1970 497 2029 posset
506 1995 513 2015 .
521 1976 593 2009 mora
604 1974 663 2008 eum
675 1952 755 2006 elusit
768 1987 775 2009 ‚
787 1961 815 2002 et

351 2049 384 2099 ad
399 2047 571 2118 Campaniam
583 2045 682 2098 traxit,
692 2039 738 2092 ubi
752 2039 817 2092 deli·

343 2135 463 2188 eiiseius
476 2133 561 2187 virtus
569 2129 713 2200 obtorpuit·
724 2128 770 2179 ille
777 2136 819 2180 est

346 2224 379 2276 de
398 2241 451 2293 quo
465 2223 504 2274 ait
533 2221 652 2274 Eunias:
671 2237 745 2269 ursus
762 2218 814 2288 qui

344 2317 421 2366 »robis
436 2311 596 2365 cunctando
607 2311 736 2362 restituis
750 2325 814 2359 rem·

347 2400 438 2452 Sciens
447 2399 517 2452 euius
533 2397 669 2465 Virgilius,
678 2396 756 2466 quasi
768 2413 816 2466 pro

350 2488 469 2562 exemplo
488 2489 560 2541 hune
573 2505 678 2542 versura
697 2483 799 2557 posuit·

373 2662 436 2720 2⁴15·
457 2665 496 2718 ue
511 2663 631 2718 Marcelli
648 2662 772 2717 victoria.

384 2787 555 2894 Marcellus
571 2840 662 2894 Gallos
680 2850 708 2893 et
718 2841 817 2894 Poenos

345 2910 462 2998 «laestii
490 2928 632 2981 certamine
660 2930 817 3000 superavit3

349 3017 547 3070 Viridomarum
572 3019 707 3072 Gallorum
724 3019 818 3072 ducem

349 3125 429 3158 mauu
464 3105 573 3176 propria
608 3105 765 3164 interemit,
789 3118 821 3159 et

346 3195 435 3266 opima
455 3194 546 3247 retulit
558 3193 659 3264 spolia,
675 3213 745 3264 quae
761 3195 817 3248 dux

347 3283 498 3336 detraxerat
507 3280 581 3333 duci.
594 3281 636 3332 Sre
647 3283 743 3337 Cossus
753 3285 818 3335 Lara

348 3369 369 3422 ti
394 3369 545 3422 Toliunaio.

370 3542 430 3597 226·
449 3545 488 3596 De
505 3543 633 3596 laudibus
651 3554 678 3597 et
696 3557 782 3601 morte

442 3633 551 3687 alterius
571 3635 702 3688 Marcelli·

388 3753 519 3868 Varia.
537 3812 681 3866 mundum
700 3814 817 3866 carmina

353 3895 478 3965 Virgilii,
501 3899 528 3950 in
546 3901 818 3975 iuventutespeetnu-

865 729 929 782 tur;
948 715 1102 790 pulcritudo
1115 729 1224 776 ‚aetas‚
1239 717 1337 773 virtus.

863 807 1000 876 Significat
1021 819 1108 861 autem
1124 807 1337 876 Virgilinsltlar·

864 897 956 948 cellum
982 896 1066 949 filium
1088 896 1217 950 Octaviae
1236 897 1335 952 sororis

867 987 1003 1059 Augusti,
1030 1004 1109 1057 quem
1128 986 1183 1042 sibi
1201 987 1336 1053 Augustus

864 1076 1013 1146 adoptavit.
1032 1075 1082 1128 Hie
1103 1074 1166 1127 XV!
1185 1095 1254 1130 anno
1272 1076 1338 1130 inci·

863 1162 905 1214 dit
931 1161 960 1214 iu
980 1162 1176 1220 valitudinem,
1202 1175 1229 1216 et
1257 1164 1337 1234 periit

865 1249 954 1308 xvir.
968 1251 1117 1308 inbaiauo‚
1134 1269 1195 1304 turn
1206 1252 1330 1308 aedilita-

865 1350 917 1393 tem
932 1353 1040 1407 gereret.
1050 1342 1135 1394 liuius
1149 1351 1256 1396 mortem
1264 1342 1341 1396 vene-

864 1432 1065 1484 mentereivitas
1075 1433 1136 1484 duln
1142 1431 1177 1484 it:
1196 1450 1256 1486 uam
1263 1444 1289 1486 et
1301 1433 1342 1486 al·

867 1519 958 1572 labilis
981 1520 1049 1580 init,
1074 1533 1101 1574 et
1118 1523 1231 1590 Augusti
1259 1523 1340 1578 fitius.

867 1606 910 1659 Ad
936 1606 1034 1661 funeris
1046 1607 1126 1662 huius
1139 1609 1265 1664 honorem
1283 1611 1341 1664 ,ln-

867 1705 959 1762 gustus
992 1697 1150 1767 quingentos
1182 1701 1277 1753 eleetos
1304 1701 1342 1754 ire

869 1784 941 1837 iutra
952 1788 1088 1840 civitatem
1101 1787 1188 1840 iussit.
1202 1789 1256 1840 lloe
1271 1789 1341 1841 enim

872 1876 943 1946 apud
962 1875 1074 1930 maiores
1085 1877 1224 1945 gloriosum
1246 1877 1341 1937 luerat.

869 1974 897 2015 et
916 1961 1031 2016 dabatur
1048 1983 1094 2034 pru
1109 1965 1243 2033 qualitate
1258 1965 1339 2018 sorta·

869 2073 926 2107 rrae·
946 2055 1011 2106 Nam
1032 2055 1103 2124 Sylla
1122 2075 1167 2108 sen
1194 2057 1268 2108 milia
1288 2059 1338 2111 lra-

870 2137 938 2192 huit.
960 2141 1043 2208 igitur
1066 2159 1125 2192 curn
1149 2143 1249 2208 ingenti
1264 2163 1341 2216 pour-

871 2248 905 2300 pa
919 2229 1032 2287 allatus,
1053 2241 1080 2286 et
1092 2229 1118 2283 iu
1129 2249 1221 2302 earupo
1245 2235 1340 2288 martis

871 2330 912 2371 est
935 2319 1064 2388 sepultus·
1085 2321 1154 2388 Ergo
1177 2321 1203 2374 in
1227 2321 1341 2386 Augusti

871 2405 1052 2458 adulationem
1076 2408 1154 2478 quasi
1173 2407 1342 2482 epitaphium

870 2491 938 2544 dicit
957 2493 1096 2562 Virgilius.

871 2681 931 2741 πη·
947 2667 986 2722 De
997 2669 1046 2722 deo
1060 2669 1148 2725 Fatue
1160 2681 1189 2724 et
1200 2672 1249 2726 dea
1263 2672 1358 2726 Fatua·

969 2851 1058 2904 uidam
1075 2848 1138 2900 deus
1154 2849 1273 2902 Fatuus:
1293 2849 1344 2901 hn-

873 2941 913 2993 ius
933 2959 998 2992 uxor
1014 2941 1118 2994 Fatua:
1138 2937 1207 2989 idem
1221 2939 1341 2996 Faunus,

872 3038 899 3081 et
924 3026 1014 3080 eadem
1048 3026 1151 3078 Fauna.
1182 3025 1254 3077 Dieti
1282 3040 1345 3078 snat

872 3129 960 3172 autem
970 3117 1079 3172 Faunus
1094 3126 1121 3168 et
1131 3114 1223 3168 Fauna
1238 3132 1253 3165 a
1270 3115 1343 3167 vati-

871 3203 1002 3258 cinando:
1025 3201 1141 3254 undeet
1162 3200 1249 3254 fatuos
1271 3201 1345 3254 diei-

873 3309 930 3344 rnus
938 3289 1142 3344 1ineousiderate
1155 3289 1306 3358 loquentes.

854 3465 915 3523 228.
930 3468 969 3521 De
987 3467 1091 3524 duabus
1105 3465 1190 3538 portis
1199 3465 1361 3534 Elysiorum.

910 3591 1104 3714 physiologia
1113 3645 1162 3695 hue
1171 3643 1262 3699 habet.
1271 3643 1344 3713 quud

875 3749 922 3802 per
937 3743 1038 3804 portam
1049 3749 1167 3784 corneam
1185 3731 1254 3783 oculi
1266 3731 1346 3795 signi·

876 3821 991 3873 licuntur
1006 3856 1013 3876 ,
1031 3818 1080 3888 qui
1107 3829 1135 3872 et
1163 3818 1252 3871 eoruei
1281 3828 1346 3869 srmt

875 3904 978 3964 coloris,
990 3915 1018 3960 et
1029 3905 1148 3959 duriores
1164 3904 1259 3959 ceteris
1271 3921 1348 3956 unru-

376 4025 504 4092 (r)1tqui
522 4041 626 4092 scarpum
643 4037 774 4082 imm-iter
789 4037 886 4087 distant.
