3638 5332
683 707 932 757 movmcmauu.
1215 677 1291 776 415

348 868 396 941 26
423 865 574 957 Africa,
604 865 809 962 Carthago,
836 861 1041 951 Numidia,
1067 865 1247 938 finiuntur
1273 864 1315 937 ab

296 989 429 1062 oriente
438 989 522 1088 syrti
531 986 664 1061 minore
675 985 735 1076 ,ab
747 982 931 1056 occidente
947 983 1054 1056 fluvio
1063 981 1239 1085 Ampsaga
1250 987 1318 1086 (ι),

294 1137 315 1181 a
340 1107 575 1208 septentrione
602 1105 857 1192 manastica,
886 1131 906 1176 a
932 1105 1077 1177 meridie
1104 1132 1237 1179 oceano
1264 1133 1317 1178 ae-

297 1227 475 1328 thiopico:
501 1227 604 1302 cuius
632 1226 740 1326 spatia
767 1226 804 1297 in
830 1223 1051 1322 longitudine
1077 1225 1175 1298 milia
1200 1252 1319 1327 passu-

298 1372 358 1420 um
372 1344 629 1434 ·CCCCXX·‚
647 1344 684 1417 in
697 1342 885 1418 latitudine
901 1341 995 1416 milia
1009 1370 1179 1443 passuum
1192 1341 1319 1419 ·CCC·

352 1491 399 1565 27
427 1463 576 1555 Africa,
595 1463 786 1563 Cyrenaica
801 1520 811 1553 ,
826 1462 984 1563 superior
998 1461 1132 1564 Libya,
1147 1463 1323 1537 finiuntur

299 1582 342 1656 ab
360 1582 493 1656 oriente
516 1579 744 1656 Catabathmo
763 1641 772 1673 ,
790 1583 832 1655 ab
852 1582 1033 1656 occidente
1056 1583 1140 1680 syrti
1164 1581 1296 1655 minore
1312 1639 1322 1672 ,

299 1730 320 1774 a
343 1701 579 1802 septentrione
606 1702 696 1776 mari
721 1701 853 1776 cretico
869 1733 879 1778 z
897 1702 1000 1775 euius
1023 1703 1133 1801 spatia
1158 1701 1196 1774 in
1218 1701 1326 1798 longi·

301 1821 425 1895 tudine
453 1821 546 1894 milia
567 1849 736 1921 passuum
750 1818 1093 1895 -lthCCLXXX·
1112 1824 1149 1894 in
1171 1821 1326 1896 latitudi-

301 1968 345 2013 ne
372 1940 468 2014 milia
494 1968 662 2041 passuum
690 1936 926 2013 ·CCCCXC·

357 2060 404 2134 28
431 2057 583 2158 Aegypti
607 2085 686 2157 pars
720 2057 867 2130 inferior
901 2074 938 2130 et
963 2058 1146 2132 maraeotis
1175 2055 1287 2158 Libya
1316 2117 1326 2150 ,

301 2177 476 2250 finiuntur
503 2178 544 2248 ab
572 2176 707 2249 oriente
733 2174 895 2264 Arabia,
922 2177 965 2248 ab
992 2177 1177 2250 occidente
1213 2176 1322 2280 Libya

302 2294 439 2370 deserta
461 2295 473 2384 ‚⁶
498 2323 517 2368 a
545 2293 781 2395 septentrione
809 2294 897 2366 mari
923 2295 1017 2395 quod
1045 2297 1242 2397 aegyptium
1267 2325 1324 2370 vo-

305 2431 420 2503 cant,
448 2441 468 2485 a
493 2413 638 2486 meridie
664 2410 825 2514 Aegypto
860 2414 1038 2516 superiore
1074 2433 1110 2490 et
1141 2414 1320 2491 desertis.

308 2533 425 2608 Habet
457 2536 494 2608 in
521 2534 744 2635 longitudine
779 2535 872 2608 milia
906 2565 1073 2636 passuum
1103 2535 1210 2612 -Cle
1247 2595 1257 2629 ‚
1291 2538 1329 2611 in

303 2654 487 2730 latitudine
514 2656 610 2729 miiia
635 2683 803 2756 passuum
829 2653 1028 2730 CLXXX·

357 2799 406 2875 29
433 2771 593 2864 Arabia,
620 2771 845 2874 Aethiopia,
873 2791 909 2848 et
934 2771 1118 2874 Aegyptus
1145 2777 1322 2878 superior,

305 2910 340 2968 et
367 2893 464 2966 sinus
491 2892 651 2967 arabicus
677 2911 712 2966 et
737 2894 895 2993 persicus
928 2896 1007 2984 ,ab
1035 2895 1168 2972 oriente
1200 2897 1329 2972 mariti·

305 3041 362 3086 ma
388 3011 531 3086 Perside
558 3029 594 3085 et
622 3010 789 3088 Carmina
815 3071 825 3103 ‚
853 3015 896 3088 ab
922 3014 1106 3089 occidente
1133 3014 1245 3116 Libya
1269 3017 1329 3092 de·

305 3149 424 3222 serta,
453 3161 473 3206 a
498 3133 736 3234 septentrione
768 3131 900 3233 Syria,
931 3163 951 3208 a
976 3135 1119 3210 meridie
1145 3139 1235 3212 mari
1268 3167 1325 3212 ru·

303 3250 368 3323 bro
385 3281 395 3326 r
415 3268 539 3351 patent
564 3251 602 3324 in
628 3251 846 3350 longitudine
882 3253 976 3328 milia
1002 3281 1167 3354 passuum
1196 3253 1328 3345 Cin‚

306 3366 343 3440 in
369 3367 554 3444 latitudine
581 3370 678 3444 milia
702 3399 868 3470 passuum
881 3371 1041 3449 CLXX

346 3487 394 3561 30
412 3484 868 3588 Britanniainlongitudine
876 3491 974 3565 milia
981 3519 1148 3592 passuum
1157 3488 1332 3584 Deest,

307 3605 344 3676 in
369 3604 555 3682 latitudine
582 3609 677 3682 milia
703 3639 868 3712 passuum
894 3607 1019 3686 ·CCC·

361 3725 404 3798 31
435 3725 598 3826 Epitome
635 3728 744 3803 totius
778 3729 927 3806 mundi.
955 3729 1099 3804 Finitur
1126 3730 1169 3804 ab
1195 3729 1331 3804 oriente

308 3859 343 3916 et
369 3845 550 3920 occidente
577 3875 709 3922 oceano
735 3907 745 3938 ‚
773 3877 793 3922 a
818 3849 964 3924 meridie
992 3850 1193 3941 atlantico,
1216 3880 1236 3924 a
1263 3877 1336 3952 sep-

316 3966 487 4040 tentrione
514 3995 645 4042 oceano
670 3970 880 4046 britannico.

393 4143 438 4214 (t)
457 4142 522 4197 cod.
537 4147 662 4198 Amastra.
