3546 5330
613 672 776 725 morosus
793 673 838 722 nx
855 674 962 726 roms.
1186 648 1263 748 425

273 839 454 942 pulmones
471 841 675 942 refrigerant
694 899 704 933 ,
724 842 876 917 iocinere
896 839 1128 918 laborantibus
1146 869 1287 919 succur-

275 981 368 1042 runt.
387 963 576 1043 Vinolenta
600 968 640 1040 in
664 992 732 1041 usu
759 963 900 1038 meliora
926 980 1008 1038 sunt
1025 1020 1037 1054 ‚
1055 965 1138 1065 quia
1158 965 1290 1040 mediae

273 1083 410 1160 virtutis
436 1105 528 1163 sunt
555 1085 693 1161 Acerba
719 1083 778 1157 illa
805 1099 886 1158 sunt
916 1141 926 1174 ‚
953 1084 1079 1186 quibus
1105 1085 1185 1160 solia
1212 1113 1290 1160 cur·
1402 1181 1404 1186 ,

274 1221 408 1279 vantur.
428 1206 570 1307 Frigida
590 1207 716 1280 siccata
735 1202 987 1302 constringunt
1008 1202 1093 1278 Post
1111 1206 1196 1280 haec
1218 1232 1290 1280 om·

276 1323 335 1395 nia
351 1325 397 1425 (a)
412 1323 530 1424 aprina
548 1324 597 1424 (h)
615 1322 838 1423 appellantur.
852 1318 968 1396 Sucus
988 1322 1157 1396 malorum
1177 1350 1294 1421 grana·

276 1455 394 1516 torum
419 1441 598 1517 acidorum
623 1441 840 1515 stomachum
872 1457 1097 1516 nauseantem
1125 1442 1291 1541 stringit.

276 1560 375 1639 Mala
395 1588 478 1637 eum
497 1563 611 1662 granis
630 1562 701 1636 suis
721 1563 758 1634 in
777 1579 890 1661 partes
909 1560 994 1635 duas
1014 1560 1119 1634 divisa
1144 1562 1181 1634 in
1201 1589 1293 1662 aqua

281 1698 378 1757 cocta
403 1683 502 1783 potui
528 1685 608 1758 dato
634 1682 792 1758 coeliacis
818 1699 853 1755 et
877 1681 1132 1782 dysentericis:
1160 1683 1294 1781 integra

277 1818 406 1892 cocta,
434 1802 472 1874 in
497 1803 579 1877 rino
603 1819 717 1902 pota,
746 1817 865 1874 contra
891 1801 1081 1896 lumbricos¹
1108 1818 1143 1874 et
1173 1802 1293 1875 tineas.

278 1920 408 1995 Cortex
433 1922 525 1997 sicca
561 1947 645 1996 eum
670 1919 756 2018 galla
792 1921 874 2022 equi
909 1921 989 1993 trita
1014 1921 1101 1995 vitia
1139 1921 1298 1995 dentium

277 2056 374 2112 curat
400 2096 409 2112 .
440 2037 552 2113 Cocta
578 2041 616 2112 in
643 2039 724 2112 vino
751 2038 834 2112 trita
866 2038 1088 2138 perniciones
1122 2055 1157 2112 et
1183 2055 1297 2112 tumo-

279 2186 332 2232 res
360 2184 480 2232 omnes
505 2159 595 2232 tollit
615 2158 832 2257 gingivarum
852 2217 860 2233 .
881 2157 983 2258 Aqua
1006 2215 1016 2248 ‚
1045 2159 1083 2233 in
1106 2185 1175 2259 qua
1195 2175 1294 2232 cocta

275 2277 382 2350 fuerit
405 2334 416 2366 ‚
443 2277 673 2375 gargarizatur
705 2293 827 2350 contra
860 2293 1012 2350 tumores
1047 2277 1291 2375 gingivarum.

278 2392 359 2469 Flos
379 2395 454 2468 eius
474 2395 603 2468 arboris
625 2452 635 2485 ‚
656 2394 718 2495 qui
737 2420 944 2469 omnonruas
966 2396 1013 2496 (e)
1034 2412 1176 2469 vocatur
1197 2451 1208 2485 ,
1228 2395 1292 2468 sie·

278 2529 377 2586 catur
397 2513 435 2585 in
453 2514 583 2612 ¹umbra
604 2543 614 2589 τ
639 2513 740 2588 tritus
765 2513 926 2586 omnibus
951 2513 1153 2588 vulneribus
1181 2513 1294 2588 mede·

277 2649 366 2708 tur:
395 2659 477 2706 cum
502 2632 602 2706 melle
629 2633 732 2706 tritus
757 2633 900 2707 vulnera
926 2635 994 2707 oris
1021 2651 1128 2709 curat.

331 2754 380 2829 25
407 2750 581 2826 Pinorum
599 2753 718 2827 nuclei
737 2753 938 2827 calidissimi
958 2771 1058 2832 sunt:
1072 2753 1194 2828 fortius
1213 2780 1294 2827 ven-

277 2890 368 2946 trem
387 2890 634 2964 commovent,
653 2873 871 2948 stomachum
891 2889 926 2946 et
945 2901 1045 2948 renes
1066 2873 1293 2964 calefaciunt,

278 2993 420 3067 urinam
444 3011 623 3094 purgant:
656 3019 738 3068 cum
765 2993 848 3067 vino
880 2993 975 3067 dulci
1005 2995 1114 3093 potati
1138 3011 1295 3068 ventrem

281 3114 497 3191 moventFit
517 3144 559 3189 ex
581 3114 704 3188 iisdem
718 3113 923 3214 oxyporium
936 3113 1195 3188 utile.Nucleos
1214 3141 1295 3214 pur·

279 3254 372 3335 gatos
400 3237 508 3312 lasere
531 3294 541 3328 ‚
568 3236 688 3326 nitro,
709 3235 848 3336 cymino
871 3291 881 3326 ‚
908 3234 1066 3334 palmulis
1091 3236 1260 3312 admixtos
1283 3293 1294 3326 ,

280 3383 364 3430 cum
389 3356 490 3430 melle
518 3356 628 3432 dato:
656 3354 865 3452 llegnraticos
892 3371 1025 3429 curant.

343 3474 392 3549 26
420 3474 620 3548 Palmarum
639 3473 876 3547 thebaicarum
893 3473 947 3546 vel
966 3471 1182 3546 nicoloomm
1194 3497 1295 3572 poma

282 3611 365 3668 sunt
384 3595 555 3695 dactylica
580 3593 651 3695 (dlz
672 3593 801 3668 habent
820 3592 951 3694 aliquid
972 3591 1116 3668 caloris:
1138 3609 1235 3666 cocta
1254 3593 1293 3664 in

278 3722 360 3794 vino
388 3719 558 3794 stomachi
577 3717 733 3794 dolorem
750 3718 888 3793 tollunt.
911 3715 1022 3791 Cibus
1042 3743 1163 3791 eorum
1180 3715 1292 3790 nutrit

343 3923 382 3986 (ι)
397 3926 453 3976 cot.
463 3932 543 3982 som
559 3927 597 3970 ro
612 3927 724 3970 omnious.
794 3923 835 3988 (s)
852 3929 889 3969 ιιι
905 3925 979 3971 eoas
999 3923 1074 3982 (ιιιω
1091 3930 1117 3970 a·
1130 3923 1230 3986 astans)
1247 3923 1285 3970 vet

281 4009 389 4060 aperiu-
457 3997 495 4066 (e)
512 4005 547 4046 lta
566 4001 652 4062 legitur
668 4003 774 4048 mendose
790 4003 812 4045 io
829 4002 914 4046 codiee.
985 3996 1024 4064 (ct)
1042 4001 1099 4049 cod.
1111 4005 1134 4044 B·
1146 4001 1288 4052 (laetaniis.

280 4093 341 4137 qua·
356 4063 450 4122 lartum
467 4076 536 4122 lectio
552 4079 669 4126 retinenda
686 4086 733 4128 nr.
