3646 5342
527 631 567 720 rt
788 641 1155 728 ntunoontrnos
1178 661 1204 729 ι

512 815 542 852 se
560 793 693 855 Palamedi
712 803 906 871 dissimularet,
925 814 978 870 uit:
1033 837 1060 874 re
1079 825 1263 888 transireturo,
1288 831 1361 903 qued
1384 843 1424 888 est
1454 853 1501 889 co-

510 885 534 962 si
552 901 641 940 verum
659 903 714 944 esse
733 911 786 948 non
805 897 930 960 creditis.
949 901 977 958 in
1034 913 1179 974 terniones,
1201 919 1288 973 afflatu
1306 937 1323 974 ι
1340 920 1404 978 lore
1422 934 1450 978 et
1471 924 1499 976 in

511 973 627 1028 tentorio
646 977 704 1030 eins
718 997 810 1034 aurum
822 998 976 1052 quaeretur.
1033 997 1148 1068 lapidem
1158 1021 1298 1066 converso.
1316 1009 1363 1066 diu
1373 1013 1424 1066 suh
1435 1015 1499 1068 floc-

510 1056 570 1127 Quo
583 1057 670 1122 laeto.
683 1063 791 1122 intento
804 1088 884 1128 auro.
904 1077 977 1142 quot

512 1145 568 1218 ipse
586 1163 633 1218 per
650 1163 753 1206 noctem
771 1161 901 1230 corruptis¹
920 1181 975 1216 ser-

509 1231 551 1284 ris
570 1231 756 1298 absconderat,
774 1243 923 1302 Palamedes
939 1253 976 1304 lu·

509 1319 619 1390 pidibus
639 1323 810 1400 iuteremptus
827 1347 877 1389 est.
900 1339 975 1394 lluno

510 1415 599 1458 notem
607 1422 710 1466 constat
720 1413 801 1472 inisse
809 1423 973 1490 prudentem.

507 1491 575 1545 Nom
592 1503 619 1546 et
643 1496 760 1556 tubulom
787 1505 843 1577 ipse
870 1510 974 1569 irruenit

508 1578 543 1631 ad
560 1585 768 1654 comprimendus
791 1595 872 1649 otiosi
898 1600 973 1652 sedi-

507 1659 973 1756 tinnulaercitusnecundumquos-

507 1751 568 1805 dutu
601 1756 657 1828 ipse
689 1766 807 1836 repperit
839 1770 969 1837 litteren

505 1855 574 1909 quae
592 1861 632 1899 res
649 1845 717 1904 sorte
734 1853 771 1906 sit
796 1855 888 1912 «lobie-
916 1861 971 1915 Τι-

506 1945 565 1984 tuen
596 1946 697 1990 certum
715 1950 793 2018 οιιχ
813 1943 847 1996 ιδ
864 1945 916 2000 hoo
931 1949 969 2006 in·

504 2011 611 2074 v'entum
630 2042 690 2078 curn
708 2025 879 2102 uspirutiono.

633 2197 679 2258 36·
700 2205 821 2264 Achillis.

539 2311 686 2428 Achilles
714 2396 743 2456 a·
757 2395 841 2442 matre
870 2393 970 2452 tinctus

505 2459 532 2513 in
551 2463 639 2532 stygin
658 2467 771 2536 palude.
791 2483 846 2530 toto
876 2497 969 2554 corpo·

505 2563 534 2600 ro
552 2549 750 2612 invulnerabilis
768 2559 834 2620 tuit,
860 2581 970 2642 excepto

502 2649 532 2686 on
550 2647 627 2706 purte
645 2657 699 2709 quo
719 2654 807 2704 tentus
826 2649 887 2706 fuir.
917 2657 969 2727 Qui

503 2739 563 2777 curu
598 2741 712 2784 umatum
747 2735 905 2808 Polyxenam
940 2748 969 2802 in

504 2813 601 2885 templo
620 2817 738 2890 occipere
755 2828 909 2888 statuisset.
929 2831 969 2888 in·

502 2899 581 2955 sidiis
599 2905 704 2962 Paridis
722 2924 783 2981 post
801 2916 968 2975 simulacrum

502 2987 610 3045 latentis
630 2995 731 3052 occisus
749 3012 798 3056 est·
819 3005 894 3061 Unde
917 3013 969 3064 lin-

503 3079 592 3146 gitur.
611 3085 683 3152 quod
713 3099 818 3146 tenente
846 3096 969 3168 Apolline

502 3165 576 3220 Poris
595 3169 723 3228 direxerit
743 3178 803 3230 telo·

542 3349 588 3424 57·
607 3353 724 3436 Latonae
740 3365 768 3408 et
786 3358 913 3414 Asteries.

512 3503 515 3514 ⁵
538 3467 627 3598 Post
643 3507 760 3585 tonnae
781 3537 890 3607 nuptias
908 3539 969 3610 lnp-

504 3612 575 3682 pilet·
593 3631 651 3668 curn
669 3622 750 3674 etium
777 3625 832 3678 tius
857 3645 970 3684 sororem

503 3699 629 3753 Astarten
655 3709 751 3786 viliore
786 3714 889 3772 vellet,
923 3717 968 3768 illu

503 3799 609 3868 optavit
625 3819 642 3852 a
660 3802 713 3856 diis
731 3816 762 3859 ut
781 3805 809 3860 in
822 3826 895 3862 nvem
910 3828 969 3863 eon·

503 3895 666 3948 verteretur.
687 3909 814 3964 versaque
834 3897 862 3950 in
881 3909 968 3952 cotnr-

501 3989 586 4044 niceur
603 3989 665 4045 suit.
680 3991 715 4044 Et
728 4007 787 4044 enin
801 3987 895 4046 vellet.
914 4007 968 4044 run·

1033 1083 1106 1141 tibus
1124 1088 1213 1146 latuit
1222 1095 1324 1156 Portet,
1341 1102 1498 1173 supplicen-

1032 1183 1059 1224 ιο
1076 1174 1134 1230 lovi
1152 1179 1375 1240 nanentensi·
1402 1205 1495 1258 snper-

1030 1258 1092 1314 lerri
1111 1267 1188 1335 aquis
1207 1271 1305 1343 eoepit.
1324 1273 1395 1330 llaec
1408 1276 1495 1348 primo

1028 1351 1153 1423 Neptuno
1179 1369 1206 1411 et
1234 1361 1330 1416 Doridi
1349 1364 1401 1418 tuit
1429 1384 1495 1421 con-

1027 1451 1138 1496 seerutn.
1157 1445 1250 1500 Postea
1267 1465 1327 1503 cum
1344 1452 1414 1508 luno
1433 1471 1495 1522 gru-

1027 1526 1132 1587 vidam,
1151 1531 1271 1594 Pythone
1288 1537 1420 1598 immisso.
1438 1543 1493 1593 Lu-

1028 1626 1117 1670 touum
1153 1635 1384 1692 persequeretur.
1417 1628 1494 1682 terris

1027 1703 1150 1758 omnibus
1169 1708 1294 1778 expulsu.
1313 1711 1421 1766 taudem
1439 1714 1490 1766 eli-

1026 1796 1148 1862 quundo.
1164 1796 1301 1867 applicent
1318 1817 1347 1854 te
1370 1801 1495 1856 litoribus

1060 1897 1169 1941 sorore,
1190 1895 1330 1957 surrepta.
1362 1887 1417 1940 illic
1431 1888 1496 1941 Dru·

1025 1985 1085 2020 notu
1098 1969 1201 2040 primo,
1215 1981 1277 2044 post
1287 1972 1436 2044 Apollinem
1449 1991 1495 2046 pt·

1025 2055 1108 2126 perit:
1128 2059 1176 2130 qui
1193 2062 1301 2120 stntiru.
1325 2063 1413 2118 occiso
1440 2065 1495 2133 1³5-

1025 2143 1115 2202 tlroue.
1123 2145 1194 2200 ultus
1202 2158 1241 2200 est
1254 2149 1347 2204 nauis
1360 2149 1494 2204 iniurium.

1026 2231 1094 2284 Sane
1113 2245 1176 2287 nutu
1202 2235 1304 2296 Dione,
1332 2239 1494 2309 parturienti

1027 2322 1175 2393 Apollinem
1192 2325 1271 2377 metri
1289 2325 1390 2381 dicitur
1413 2345 1493 2402 prue-

1025 2405 1114 2464 huisse
1132 2411 1283 2468 obstetricis
1300 2415 1423 2468 officium.
1443 2418 1494 2472 Un-

1027 2498 1060 2552 de
1078 2515 1137 2550 curn
1157 2499 1243 2550 Diona
1261 2499 1299 2554 sit
1326 2503 1420 2571 uirgo,
1447 2514 1493 2556 tn-

1025 2605 1118 2640 meuu
1141 2590 1351 2663 parturientibus
1382 2592 1493 2646 invoca-

1026 2685 1083 2728 tur:
1103 2677 1167 2730 lineo
1181 2689 1343 2748 nutuqueest
1354 2677 1494 2732 inuoDia·

1023 2780 1058 2816 nu
1077 2765 1242 2836 Proserpina.
1257 2767 1328 2820 Nutu
1341 2766 1423 2834 igitur
1438 2767 1493 2820 duo

1023 2854 1132 2906 numine
1164 2864 1260 2906 terrent
1293 2853 1347 2908 sibi
1375 2853 1494 2906 natalem

1021 2957 1109 2993 errare
1127 2959 1179 2993 non
1194 2941 1264 3012 possi
1278 2951 1359 2998 sunt.
1372 2939 1421 2994 sed
1434 2956 1493 2993 enm

1023 3026 1125 3079 duabus
1139 3028 1232 3082 insulis
1245 3027 1430 3096 religaverunt.
1440 3025 1491 3080 Ve-

1022 3113 1088 3167 ritus
1106 3131 1167 3168 voro
1186 3115 1261 3184 longe
1280 3114 1333 3168 aliu
1345 3114 1407 3168 luit·
1421 3114 1491 3166 Nam

1023 3202 1090 3256 hoec
1101 3202 1189 3256 insola
1203 3221 1262 3256 corn
1275 3214 1443 3258 terraemotu
1454 3201 1493 3254 ln·

1023 3289 1144 3349 bornret.
1163 3293 1213 3362 qui
1231 3295 1262 3348 nt
1279 3292 1328 3348 suh
1347 3292 1425 3346 terris
1449 3291 1494 3344 lu-

1023 3381 1143 3436 tentibns
1162 3384 1265 3442 ventis.
1284 3384 1389 3438 oraculo
1408 3379 1493 3453 Apol-

1021 3473 1085 3527 linis
1103 3484 1280 3528 terraemotu
1304 3471 1398 3525 cernit:
1428 3488 1490 3522 nam

1021 3562 1171 3634 prueoepit.
1191 3579 1224 3616 ne
1244 3561 1297 3614 illio
1317 3570 1436 3614 mortuus
1453 3576 1491 3612 se·

1023 3653 1171 3724 pelirotur.
1199 3661 1226 3704 et
1255 3650 1333 3704 iussit
1359 3647 1492 3720 quaedum

1022 3739 1152 3794 sacrificia
1170 3739 1237 3792 fiori.
1257 3739 1351 3790 Postea
1369 3752 1384 3788 e
1401 3735 1491 3802 Myco-

1023 3846 1057 3882 no
1084 3827 1244 3895 Gyguroqne
1272 3823 1369 3878 ricinis
1398 3819 1491 3875 insulis

1023 3915 1114 3989 populi
1132 3923 1279 3971 venerunt.
1298 3911 1346 3982 qui
1365 3928 1423 3964 eam
1448 3921 1490 3962 te-

1024 4015 1124 4058 norent.
1152 4002 1229 4073 Quod
1263 4011 1349 4054 nrrtotn
1378 4000 1492 4053 dicimus
