3646 5342
504 696 528 764 6
775 687 1145 759 MYTHOGRAPHUS
1169 691 1193 756 Ι.

495 857 724 928 diaerenit‚qui
748 859 798 930 ipsi
812 857 890 927 qnasi
905 875 969 908 mor·
1040 857 1110 928 plius
1139 859 1200 911 lore
1226 859 1379 929 potiretur,
1407 857 1506 927 Argum

498 947 546 1002 tali
573 963 734 1020 praeparans
755 955 885 999 mortem.
912 943 966 994 hu·
1038 957 1143 1000 centum
1154 947 1243 1000 ocutos
1255 945 1396 1000 habentem
1409 948 1434 1002 ei
1449 966 1506 1001 cus·

495 1055 574 1092 anana
609 1033 726 1088 membra
756 1031 906 1088 devoranda
939 1031 964 1084 ei
1019 1035 1107 1090 todem
1128 1036 1268 1108 praefecit,
1288 1055 1366 1108 quem
1387 1039 1487 1092 Mercu·

497 1123 633 1198 apposnit·
653 1123 728 1191 Quae
744 1132 885 1194 postquam
904 1120 965 1190 lup-
1019 1125 1075 1178 rins
1096 1124 1168 1179 iussu
1188 1123 1259 1178 lovis
1281 1124 1425 1180 interemit·
1445 1125 1486 1176 in·

493 1212 566 1286 piter
584 1210 684 1268 serasit.
704 1229 756 1264 non
776 1226 837 1261 eum
856 1206 963 1280 penitus
1017 1231 1052 1266 no
1072 1211 1187 1279 Argum,
1206 1211 1270 1282 quia
1290 1210 1325 1266 ob
1337 1213 1486 1267 custodiam

496 1299 656 1358 interemit,
689 1297 737 1352 sed
775 1314 808 1350 ne
838 1293 964 1368 supplicii
1018 1297 1071 1352 sibi
1091 1309 1296 1358 mortuuserat.
1318 1299 1345 1353 in
1359 1319 1487 1372 peronem

496 1389 633 1442 amitteret
651 1405 773 1442 sensnm.
792 1385 850 1458 lupi
863 1403 923 1438 enm
937 1384 964 1437 in
1020 1387 1233 1458 transformavit,
1254 1398 1281 1442 ct
1301 1397 1435 1464 receptum
1457 1388 1486 1442 in

495 1473 604 1528 formam
624 1472 754 1528 convertit
761 1493 771 1537 3
799 1472 895 1543 quiet
919 1472 965 1524 ad·
1018 1492 1092 1528 suam
1112 1475 1224 1529 tutelam
1248 1477 1342 1546 pennis
1371 1474 1487 1543 insigni-

495 1566 548 1619 bnc
567 1581 651 1620 mores
672 1565 700 1618 in
719 1562 811 1622 rabie,
829 1575 857 1617 et
869 1581 962 1618 nornen
1017 1561 1068 1618 bus
1089 1563 1183 1616 amissa
1206 1563 1308 1616 lumina
1333 1564 1484 1618 exornavit.

494 1656 625 1724 Lycaonis
649 1653 678 1707 in
704 1651 882 1725 appellatione
907 1669 961 1704 sor-
1018 1653 1062 1711 io,
1076 1669 1136 1704 cum
1150 1650 1227 1704 iuriis
1242 1650 1378 1720 exagitata
1396 1651 1486 1704 orbern

495 1751 552 1794 vat.
587 1741 661 1794 idem
693 1741 800 1810 Lycaon
833 1737 964 1792 habuerat
1016 1751 1146 1795 terrarum
1166 1751 1344 1812 peragrasset,
1370 1740 1486 1795 novissi·

496 1829 578 1882 filiam
595 1829 724 1888 callisto.
744 1834 825 1899 quani
847 1845 907 1881 cum
926 1828 963 1880 vi·
1017 1845 1060 1882 me
1080 1829 1108 1881 in
1134 1827 1286 1899 Aegyptum
1316 1821 1410 1881 delate
1434 1838 1485 1882 est.

495 1921 588 1974 tiasset
608 1919 726 1991 Iupiter,
752 1919 820 1973 luno
847 1937 904 1972 eam
934 1919 962 1972 in
1017 1915 1058 1968 tbi
1071 1916 1175 1987 placata
1188 1914 1486 1987 lunonealove‚pris·

495 2023 582 2058 ursam
596 2009 741 2068 convertit3
756 2005 888 2077 etposte'a
902 2007 965 2078 inp·
1018 2005 1102 2059 tinam
1122 2004 1231 2058 formam
1259 2004 1375 2077 reecpit.
1404 2015 1486 2076 atque

495 2095 964 2168 pitermiseratus‚insignumtrans·
1018 2093 1206 2148 nominabatur
1225 2093 1283 2147 Isis.

495 2186 558 2238 tulit
577 2185 695 2238 caeleste·

1090 2285 1132 2341 ¹9·
1155 2269 1223 2321 icari
1241 2281 1269 2323 et
1287 2267 1428 2338 Erigonae.

584 2325 624 2416 182
644 2361 714 2416 tonis
732 2372 759 2414 et
779 2359 852 2427 Argi.

1051 2385 1159 2500 Icarus
1178 2453 1254 2514 pater
1273 2443 1403 2511 Erigonae
1426 2459 1486 2494 curn

495 2477 541 2590 lo
560 2534 652 2588 inachi
670 2535 740 2603 regis
763 2533 960 2608 iania(r)sriia
1015 2543 1187 2602 acceptuma
1216 2529 1312 2586 Libero
1335 2543 1411 2602 patre
1439 2533 1484 2586 vi-

493 2639 552 2673 cum
576 2622 697 2692 aequales
715 2623 802 2692 specie
821 2639 869 2674 sna
889 2639 961 2693 prac-
1015 2640 1077 2676 num
1087 2620 1241 2674 mortalibus
1262 2621 1418 2679 indicasset.
1437 2639 1483 2674 oc·

492 2709 612 2768 eniteret.
633 2727 648 2761 a
672 2709 734 2765 Iove
753 2711 876 2761 adamata
897 2719 957 2760 est:
1012 2711 1082 2764 cirus
1102 2720 1142 2764 est
1164 2727 1179 2761 a
1199 2710 1320 2767 rusticis.
1349 2709 1397 2780 qni
1425 2725 1485 2760 eum

493 2799 541 2868 qui
564 2797 677 2852 admotis
695 2797 829 2870 1prccibns
859 2797 962 2850 deside·
1015 2801 1074 2872 ptus
1096 2819 1179 2872 nequo
1204 2811 1356 2872 potassent.
1384 2796 1481 2850 ebriati

492 2887 560 2938 rium
573 2887 703 2959 explevit:
723 2897 750 2940 et
769 2905 802 2939 ne
816 2887 903 2958 puella
916 2886 961 2938 lu·
1015 2908 1043 2943 se
1064 2909 1193 2944 venenum
1213 2888 1346 2960 accepisse
1366 2886 1482 2940 credide

492 2974 569 3026 nonis
582 2974 647 3026 iram
668 2973 841 3046 procuderet.
860 2993 875 3025 a
893 2991 959 3026 conr·
1014 2989 1085 3032 rant.
1105 2978 1193 3032 Huius
1211 2979 1284 3032 canis
1304 2988 1344 3032 est
1364 2989 1482 3030 reversus

490 3079 607 3133 pressere
632 3061 662 3114 in
685 3078 792 3116 vaccam
816 3063 959 3128 transfiga-
1015 3067 1049 3117 ad
1063 3065 1202 3134 Erigonam
1223 3065 1321 3120 filiam.
1340 3078 1484 3133 quaecum

491 3158 550 3202 rata
569 3158 621 3202 est·
641 3147 726 3202 Guiut
744 3165 803 3200 cum
822 3149 889 3202 ¹⁰⁰0
908 3145 959 3200 fal·
1014 3154 1072 3208 eiua
1083 3155 1210 3208 comitata
1226 3153 1338 3218 vestigia
1350 3150 1483 3223 pervenis·

490 3236 585 3291 iaciant
611 3235 852 3309 deprehendisset,
880 3235 961 3306 petiit
1013 3251 1054 3294 set
1076 3241 1110 3294 ad
1130 3243 1215 3313 patris
1236 3240 1365 3296 cadaver.
1386 3239 1482 3306 laqueo

491 3341 597 3382 vaccam
625 3343 641 3376 a
669 3325 731 3378 love
757 3325 831 3379 velut
863 3341 957 3376 munus
1011 3329 1095 3382 vitam
1115 3330 1210 3383 finivit·
1225 3330 1295 3382 Haec
1312 3329 1421 3380 deornm
1437 3322 1483 3376 mi·

490 3411 543 3465 sibi
560 3413 637 3470 dari.
663 3415 786 3484 eoquod
814 3411 956 3485 speciosior
1010 3417 1142 3469 secatione
1163 3415 1232 3468 inter
1247 3413 1482 3468 astrarotataest.

490 3510 556 3553 esset
574 3501 668 3556 ceteris
687 3501 813 3556 armentis
835 3518 905 3572 quae
931 3499 959 3554 in
1013 3518 1093 3572 quarn
1114 3501 1243 3568 virginem
1265 3511 1372 3555 vocant.
1400 3501 1483 3553 Canis

488 3587 667 3658 Peloponneso
689 3601 845 3642 cernuntur.
869 3587 960 3658 Iuppi·
1014 3605 1121 3658 qnoque
1135 3587 1178 3639 ille
1198 3587 1266 3640 inter
1290 3586 1378 3640 sidera
1401 3585 1482 3654 colto-

490 3684 530 3728 tea
550 3693 675 3736 vermos
699 3679 722 3732 si
741 3689 875 3746 negasset,
900 3687 959 3729 stu·
1014 3683 1097 3727 catus·
1109 3673 1159 3726 sect
1174 3691 1219 3744 per
1237 3673 1405 3743 aliquantum
1421 3683 1484 3724 tern-

490 3785 566 3838 prnm
585 3767 723 3840 proderet.
741 3768 855 3838 pueliam
877 3767 958 3821 tradi·
1012 3781 1062 3835 pus
1081 3763 1288 3818 Atheniensibus
1305 3764 1411 3820 morbus
1431 3767 1482 3818 im·

491 3855 543 3911 dtr.
558 3857 636 3913 inno.
648 3855 763 3926 nepeler
776 3858 820 3926 (2)
832 3856 888 3908 eina
902 3871 959 3906 arn-
1015 3852 1110 3907 missus
1129 3865 1169 3908 est
1184 3854 1261 3912 talis,
1282 3865 1313 3908 ut
1330 3873 1418 3910 eorum
1433 3853 1482 3909 vir·

513 3991 553 4056 (ι)
570 3996 612 4038 vro
629 3992 699 4063 ΙιυιιιΙ
711 3989 789 4038 rariim
805 3991 962 4045 Argivorum.
1010 3989 1150 4048 pelicatus,
1167 4003 1218 4033 eurn
1236 3991 1299 4033 unies
1317 3989 1336 4034 1.

516 4069 558 4133 (a)
586 4075 620 4118 sie
644 4070 705 4132 apud
740 4071 788 4114 cie.
814 4083 855 4128 pre
881 4071 962 4113 Scauro
