3626 5344
557 700 616 764 152

542 867 625 920 trario
651 865 787 938 respemlit
814 865 923 921 «licens.
951 862 1013 916 olii·

545 955 651 1006 eiendas
675 953 774 1024 puellus
792 951 893 1006 nobiles
916 951 1011 1004 helois

546 1045 613 1096 Cum
632 1054 718 1096 autern
735 1040 869 1114 principes
886 1041 1014 1092 Troiano·

546 1127 1013 1202 rumerpustulnrentahnornerlonte

546 1229 576 1270 ut
597 1219 790 1288 pestilentiam.
812 1213 905 1268 helene
932 1216 1013 1268 filiani

544 1305 690 1363 tradendo.
708 1304 958 1364 sedaret.emnibus
969 1321 1014 1354 nu·

545 1393 634 1444 ducier
653 1391 771 1444 Theseus
797 1407 880 1459 regem
905 1407 1012 1442 accusa·

546 1477 612 1534 hat,
631 1477 697 1548 quin
720 1477 800 1529 lilium
826 1475 898 1530 olrici
920 1475 1013 1528 helune
1035 1505 1038 1512 ·

544 1567 641 1620 noluit.
660 1567 714 1620 lies
733 1568 817 1619 iratus
841 1583 902 1618 eum
929 1565 1010 1618 inter-

544 1655 587 1706 fici
598 1653 684 1706 iussit.
693 1655 840 1722 Posteaque
851 1651 1012 1704 iratusilisit

544 1740 660 1792 omniurn
677 1739 743 1791 silius
753 1739 846 1790 beluae
857 1738 1010 1792 tradendas.

542 1829 638 1908 ltaqup
657 1829 733 1882 multi
753 1829 820 1881 lilius
841 1845 903 1881 suas
931 1827 1009 1880 minis

541 1919 609 1986 regis
630 1917 716 1970 territi
742 1915 931 1970 mercatoribus
957 1915 1009 1979 alio

542 2005 758 2076 transportandas
772 2003 956 2059 rutilorum.
969 2019 1009 2054 ea·

540 2115 598 2151 rum
626 2093 771 2146 absentiam
797 2091 901 2145 facilius
928 2109 1007 2162 quum

540 2193 649 2236 mortem
669 2180 819 2232 tolerantes·
845 2179 923 2248 Quod
948 2195 1006 2230 cum

542 2271 630 2324 heret,
652 2269 780 2338 Hippotes
799 2265 909 2336 quidam
927 2264 1004 2320 nebi·

542 2358 575 2410 lis·
585 2357 678 2410 timens
690 2357 760 2409 filiae
770 2357 880 2424 Egestae
895 2353 936 2426 (ι)
948 2391 955 2410 .
974 2373 1006 2407 ne

540 2445 658 2496 anicetus
673 2443 842 2510 religaretur,
858 2440 1005 2511 impositam

537 2553 594 2586 eum
614 2534 676 2586 navi
695 2531 768 2584 misit
786 2549 840 2601 quo
859 2529 911 2584 l'ors
927 2527 1007 2584 obtu-

537 2624 619 2675 lisset.
638 2622 707 2674 llaec
726 2619 760 2672 ad
780 2619 895 2672 Siciliam
918 2619 1005 2671 deluto

537 2730 553 2762 a
564 2710 667 2766 Criniso
679 2713 724 2778 (α)
739 2707 820 2760 fluvio
832 2707 859 2760 in
869 2725 958 2761 ursum
967 2709 1005 2760 rel

537 2815 627 2848 runem
651 2813 774 2851 converso
793 2793 918 2866 obpressa
936 2795 1005 2848 Ace·

536 2899 593 2939 sten
613 2885 716 2942 edidit.
729 2885 777 2956 qui
795 2903 827 2938 ex
847 2885 940 2937 matris
960 2901 1005 2937 no·

534 2973 604 3024 mine
623 2971 777 3030 civitatem,
792 2989 860 3044 quse
872 2971 1004 3024 hodieSe·

534 3072 606 3130 gesta
633 3063 782 3115 nominatur
809 3060 937 3113 condidit.

568 3238 627 3309 194.
639 3237 679 3288 De
693 3235 790 3290 Titono
809 3245 835 3289 et
856 3237 967 3292 Aurora.

567 3345 709 3456 Titonus
722 3399 803 3454 irater
817 3400 1002 3454 Laomedontis

532 3491 593 3541 luit.
614 3491 689 3545 Hune
708 3509 802 3546 eurora
829 3503 944 3544 amatum
974 3496 1002 3547 iu

531 3577 631 3629 coelum
644 3579 753 3634 levavit.
765 3577 817 3647 Qui
829 3595 887 3628 cunr
909 3591 1000 3648 postea

528 3667 750 3738 longinquitatem
777 3669 849 3722 vitre
878 3669 1001 3725 defleret.

527 3757 554 3809 in
583 3757 701 3809 cicadam
721 3775 861 3812 conversus
881 3769 928 3810 est.
950 3757 999 3810 llic
1036 3818 1042 3834 x

530 3844 612 3896 etiam
630 3843 713 3898 hlium
732 3861 808 3897 suum
836 3843 1000 3898 Memnonem

523 3931 676 4001 aethiopem
706 3951 738 3984 etr
758 3949 852 3986 aurora
881 3935 1001 4001 progeni·

529 4031 584 4074 turn
605 4020 638 4072 ad
658 4019 756 4073 Troiae
786 4021 860 4074 misit
888 4021 998 4074 auxilia.

551 4135 576 4190 (t
609 4139 684 4197 hlylh·
704 4139 724 4181 l·
747 4137 797 4196 137·
817 4139 934 4183 Ace-rrae.

551 4197 577 4262 (a
610 4201 666 4246 llius
686 4200 772 4262 corripe
794 4201 902 4245 ruendum
926 4217 969 4259 mp-

872 685 1238 762 Mttttoetitrltt‘s

1173 861 1230 936 195·
1249 865 1287 918 tte
1310 863 1434 918 suctim.

1107 981 1264 1094 Anchises
1282 1051 1371 1112 pastor
1390 1041 1458 1097 luit.
1476 1059 1534 1092 eum

1069 1145 1122 1197 quo
1141 1141 1229 1182 arriuto
1258 1131 1346 1184 Venus
1374 1131 1530 1188 ceneuhuit.

1069 1227 1096 1268 et
1106 1235 1138 1268 es
1153 1235 1184 1270 eo
1193 1237 1279 1272 amore
1288 1221 1357 1272 circu
1370 1221 1468 1275 Simoin
1483 1223 1533 1273 ilu-

1070 1303 1141 1355 vium
1168 1306 1265 1358 Troiae
1288 1308 1401 1360 Aeneam
1425 1307 1533 1378 peperit·

1068 1389 1137 1441 Deae
1149 1391 1218 1442 enirn
1233 1393 1272 1445 vel
1285 1394 1414 1466 nymphae
1424 1395 1533 1446 enitun-

1062 1485 1112 1540 ¹tus
1139 1477 1208 1532 circa
1234 1481 1329 1536 fluvios
1353 1483 1394 1536 vel
1421 1499 1534 1535 nemore.

1067 1561 1116 1614 Seri
1130 1581 1189 1616 cum
1207 1563 1336 1620 Anchises
1352 1571 1422 1620 inter
1435 1585 1531 1638 aequm

1066 1646 1102 1702 les
1111 1652 1261 1722 epularetur
1269 1691 1276 1712 ‚
1285 1655 1318 1708 rle
1326 1655 1469 1709 coricubitu
1480 1657 1534 1709 Ve-

1067 1737 1135 1791 neris
1147 1739 1240 1794 iactari
1252 1743 1378 1796 traditur:
1389 1745 1459 1814 quod
1473 1761 1533 1796 eum

1068 1822 1124 1876 lori
1141 1825 1232 1880 Venus
1250 1840 1343 1898 questa
1361 1841 1444 1887 esset.
1460 1847 1531 1883 erue

1065 1910 1120 1964 ruit
1130 1923 1161 1965 ut
1171 1915 1197 1967 in
1215 1915 1329 1970 Anchise
1338 1917 1448 1970 fulmine
1467 1919 1531 1972 orit-

1065 2013 1192 2056 terentur.
1209 2005 1260 2058 Sed
1278 2007 1366 2062 Verurs
1376 2027 1434 2062 cum
1446 2011 1530 2062 vidis-

1062 2100 1102 2140 set
1115 2106 1174 2142 euin
1184 2089 1292 2146 lulrnine
1306 2113 1380 2164 posse
1396 2096 1528 2172 interimi.

1062 2177 1185 2231 miserata
1214 2181 1361 2240 inre-uem,
1393 2182 1419 2234 in
1451 2182 1530 2234 aliurn

1062 2276 1162 2334 portem
1177 2265 1274 2320 tulmen
1294 2268 1414 2322 detorsit·
1432 2269 1532 2322 Anchi-

1062 2369 1102 2406 ses
1127 2363 1214 2408 tamen
1238 2359 1341 2409 elllatus
1360 2357 1420 2424 igue
1446 2360 1531 2410 caele-

1059 2450 1095 2491 stt
1114 2456 1216 2512 semper
1244 2441 1340 2496 debilis
1361 2445 1422 2498 luit·

1135 2615 1192 2688 ιφ.
1211 2618 1250 2672 ne
1264 2618 1482 2692 cassinus-(s)

1098 2731 1277 2846 Cassandra
1295 2775 1356 2848 erut¹
1371 2795 1466 2846 Priami
1479 2807 1529 2846 tro-

1062 2877 1116 2929 iani
1142 2879 1210 2946 regis
1234 2883 1300 2940 lilia.
1326 2901 1340 2934 s
1365 2901 1418 2953 qua
1437 2884 1529 2952 Apollo

1053 2965 1104 3037 hpe
1123 2969 1237 3026 umeris.
1263 2988 1384 3024 concessa
1402 2971 1438 3023 illi
1455 2971 1526 3022 ‹liri-

1058 3057 1164 3109 uutiooe
1176 3094 1183 3115 .
1193 3056 1334 3114 frustratus
1346 3097 1354 3116 .
1366 3079 1426 3114 vera
1438 3078 1527 3129 quium·

1064 3147 1105 3200 ris
1123 3147 1223 3200 dicenti
1236 3145 1312 3198 sulem
1325 3147 1441 3200 sustulit.
1457 3145 1530 3198 Unde

1060 3237 1139 3288 etiarn
1159 3235 1288 3292 Troiani,
1314 3253 1372 3287 curn
1403 3235 1453 3286 iuin
1481 3235 1529 3284 ed·

1059 3331 1140 3374 rentii
1159 3319 1273 3374 Helenae
1297 3321 1404 3376 Troiam
1423 3323 1527 3374 destru-

1057 3409 1152 3460 emlarn
1172 3409 1354 3479 praediceret.
1376 3409 1483 3460 minime
1501 3409 1526 3460 ei

1059 3495 1190 3568 Apollinis
1208 3499 1281 3550 iussu
1300 3495 1451 3550 credebant.

1169 3687 1227 3744 197·
1245 3671 1284 3726 De
1302 3669 1418 3726 llecnlsa.

1095 3791 1234 3904 Hecuba
1246 3849 1332 3928 cren
1347 3850 1416 3909 eir..
1430 3849 1527 3904 ruam

1057 3939 1124 4002 regis
1138 3956 1203 3990 uror
1213 3975 1219 3993 .
1231 3956 1288 3990 cum
1302 3939 1405 3992 Paridis
1416 3940 1524 4004 previde

1056 4037 1140 4080 esset,
1165 4023 1246 4077 iacens
1265 4045 1318 4096 qua
1344 4027 1407 4079 urlis
1429 4029 1522 4082 inccn-

1071 4146 1193 4202 thngrrphi
1211 4151 1230 4190 l·
1254 4146 1303 4203 ¹37·
1325 4148 1431 4194 Acrisio.

1102 4203 1142 4266 (3)
1161 4211 1236 4266 myth·
1253 4211 1273 4251 l·
1295 4203 1344 4254 tile.
