3630 5334
489 671 554 744 330
836 675 1102 742 'norrnrr

442 837 639 926 adiuncta
663 867 759 924 veto
777 837 974 952 negotio,
993 837 1082 950 ipsa
1103 865 1277 954 quoque
1303 831 1434 924 fidem
1457 840 1515 924 sa-

443 953 563 1037 ciunt
580 951 829 1069 quaestioni.
842 953 948 1036 Sunt
966 972 1108 1035 autem
1132 981 1180 1034 ea
1196 951 1516 1068 quodammodo

442 1067 588 1156 effecta
612 1088 656 1150 et
682 1065 945 1182 respicientia
981 1065 1196 1181 negotium
1234 1063 1354 1180 quod
1382 1069 1518 1184 agitur

441 1177 522 1265 hoc
557 1179 719 1265 modo.

500 1291 668 1398 4Nam
709 1291 1039 1380 circumstantiae
1080 1289 1188 1375 ΝΠ·
1220 1293 1262 1376 in
1304 1293 1515 1380 attributis

442 1435 643 1520 personae
673 1405 741 1488 vel
777 1408 944 1522 negotio
971 1427 1215 1488 numeratae
1241 1429 1369 1494 sunt·
1402 1407 1515 1492 Haec

444 1549 544 1604 cum
577 1517 667 1604 aliis
698 1521 909 1633 coeperint
932 1519 1162 1632 comparari
1185 1540 1226 1602 et
1244 1519 1362 1637 quasi
1392 1522 1437 1603 in
1457 1552 1519 1606 re·

442 1631 697 1720 velationem
721 1632 889 1737 venire,
910 1629 1023 1716 fiunt
1044 1652 1115 1714 aut
1138 1661 1291 1748 genus,
1307 1653 1379 1716 aut
1394 1664 1514 1746 pars,

443 1767 517 1830 aut
547 1747 840 1850 contrarium,
877 1767 950 1830 aut
982 1766 1154 1832 eventus
1190 1770 1302 1849 ,aut
1335 1749 1515 1858 maius,

442 1879 516 1942 aut
545 1861 685 1946 minus
713 1917 726 1963 ,
754 1883 826 1946 aut
852 1860 1021 1960 simile,
1042 1877 1115 1940 aut
1137 1890 1272 1992 aeque
1291 1889 1516 1990 magnum,

442 1993 518 2057 aut
537 1971 811 2088 disparatum·
826 1973 940 2058 Haec
961 1974 1103 2107 itaque
1128 1973 1324 2056 accidunt
1341 2002 1516 2058 c1rcum·

441 2087 604 2173 stantiis
625 2145 638 2192 ,
658 2117 765 2206 quae
791 2089 835 2171 in
856 2085 1068 2171 attributis
1092 2087 1354 2201 negotiorum
1371 2118 1515 2176 nume-

442 2219 531 2286 rata
557 2224 691 2304 sunt,
722 2223 770 2286 ut
806 2201 910 2285 dum
943 2199 1033 2284 aliis
1064 2221 1399 2312 comparantur,
1436 2235 1516 2289 su-

442 2336 611 2400 mantur
641 2347 691 2401 ex
710 2315 774 2402 his
797 2335 1039 2430 argumenta
1069 2311 1167 2396 sacti
1188 2311 1371 2410 dictive,
1396 2318 1515 2434 quod

442 2425 486 2510 in
516 2425 722 2516 iudicium
750 2452 934 2515 vocatur.
959 2427 1129 2512 Distant
1158 2449 1298 2510 autem
1319 2432 1515 2542 superio-

442 2541 589 2644 ribus,
620 2542 737 2661 quod
762 2543 977 2656 superiora
1000 2541 1067 2627 vel
1088 2539 1195 2624 sacta
1217 2541 1514 2647 continebant,

442 2655 511 2742 vel
523 2653 643 2742 factis
660 2660 717 2742 ita
739 2655 1043 2760 adhaerebant,
1059 2675 1107 2739 ut
1123 2654 1301 2769 separari
1317 2685 1399 2738 non
1421 2688 1515 2771 pos·

442 2783 561 2873 sent,
579 2793 625 2854 ut
656 2771 804 2874 locus,
826 2791 1024 2884 tempus,
1049 2791 1090 2856 et
1116 2788 1251 2851 cetera
1269 2825 1283 2872 ,
1299 2799 1405 2886 quae
1426 2801 1514 2886 ges-

441 2903 534 2966 tum
561 2884 778 2999 negotium
799 2915 883 2968 uon
907 2886 1123 2968 omittunt.
1148 2881 1262 2966 Haec
1283 2913 1380 2968 vero
1404 2915 1511 3002 quae

441 3015 539 3080 sunt
561 2995 755 3082 adiuncta
773 2999 963 3112 negotio,
978 3028 1062 3084 non
1083 2994 1298 3082 inhaerent
1320 2997 1511 3111 negotio,

441 3107 516 3191 sed
546 3109 740 3196 accidunt
773 3111 1123 3198 circumstantiis:
1154 3129 1195 3194 et
1225 3130 1317 3192 tum
1340 3107 1509 3194 demum

443 3245 684 3338 argumenta
710 3245 948 3339 praestant,
971 3253 1067 3310 cum
1095 3227 1138 3306 in
1158 3223 1511 3335 comparationem

441 3339 632 3423 venerint
663 3369 710 3426 ea
742 3369 851 3460 quae
876 3337 1071 3424 adiuncta
1099 3357 1196 3424 sunt
1216 3340 1397 3450 negotio.

483 3453 525 3538 ·5
555 3455 789 3538 Sumuntur
819 3483 916 3538 vero
941 3471 1183 3568 argumenta
1204 3479 1288 3534 non
1322 3481 1372 3534 ex
1404 3480 1512 3534 con-

441 3566 650 3651 trarietate
691 3624 705 3670 ,
748 3566 823 3653 sed
869 3597 917 3650 cr
962 3564 1165 3650 contrario
1200 3600 1212 3665 ς
1256 3585 1298 3647 ct
1337 3595 1421 3648 non
1463 3595 1513 3648 ex

439 3677 721 3764 similitudine
754 3739 767 3786 ,
805 3679 881 3768 sed
927 3683 976 3766 er
1016 3679 1143 3766 simili
1180 3717 1192 3784 ς
1230 3697 1281 3762 ut
1317 3701 1511 3790 appareat

440 3817 491 3872 ex
515 3793 768 3878 revelatione
793 3793 905 3882 sumi
934 3825 979 3879 ar
1035 3813 1209 3885 menta,
1237 3791 1280 3874 in
1305 3791 1510 3876 adiunctis

437 3906 605 4020 negotio
626 3945 638 4012 ς
662 3927 705 3991 et
735 3937 783 3992 ea
818 3939 904 3994 esse
944 3824 1138 3992 atiiimcta
1169 3905 1365 4020 negotio,
1391 3901 1510 4022 lquae

436 4040 534 4102 sunt
563 4017 616 4134 ad
645 4021 785 4134 ipsum
817 4019 983 4138 dequo
1020 4021 1155 4136 agitur
1187 4018 1406 4133 negotium
1441 4015 1510 4101 as-
