3634 5336
622 689 676 736 sus
697 686 892 736 conmmrro
912 689 979 738 nrr.
1200 669 1276 762 4⁰3

284 845 434 920 multum
466 846 540 918 aliis
570 846 754 946 provinciis
788 846 893 921 mittit
922 879 933 945 ;
967 851 1132 956 quoniam
1165 869 1301 927 montes

284 966 357 1040 eius
383 981 418 1038 et
436 965 535 1040 variis
554 965 758 1042 habundant
776 968 980 1044 animalibus
1000 988 1035 1044 et
1053 971 1210 1072 plurimis
1229 1003 1302 1074 pas·

283 1091 358 1164 cuis
379 1089 456 1191 (a).
485 1087 569 1164 Post
594 1089 684 1164 hanc
711 1090 866 1190 sequitur
900 1091 1091 1194 Campania
1122 1096 1301 1194 provincia

283 1235 355 1282 non
380 1208 478 1282 valde
504 1236 655 1308 magna,
681 1209 741 1282 sed
767 1208 832 1282 sibi
851 1211 1059 1303 sufficiens,
1087 1231 1122 1288 et
1140 1215 1229 1289 viros
1250 1217 1300 1290 di-¹

283 1327 368 1402 vites
387 1329 528 1404 babens.

337 1451 385 1524 3ο
412 1448 497 1524 Post
515 1451 604 1524 hanc
624 1447 797 1524 lTALlA
821 1453 871 1552 (ι)
892 1452 1048 1553 sequitur
1069 1509 1078 1542 ,
1099 1452 1225 1528 multas
1244 1455 1301 1530 ha·

281 1569 368 1642 bens
394 1585 428 1642 et
452 1570 558 1642 varias
584 1568 768 1660 civitates,
796 1585 830 1642 et
855 1571 958 1670 plena
983 1571 1144 1646 omnibus
1170 1573 1299 1652 bonis.

282 1682 378 1760 Sunt
396 1687 501 1786 igitur
519 1689 557 1761 in
577 1717 616 1762 ea
636 1688 797 1762 vinorum
817 1717 943 1788 genera
961 1691 1071 1765 multa
1086 1747 1095 1780 ,
1112 1691 1297 1792 picenum,

281 1807 440 1881 sabinum
464 1867 473 1898 ,
499 1808 740 1900 tiburtinum,
768 1826 802 1881 et
821 1825 976 1886 tuscum.
995 1809 1088 1885 Nam
1114 1827 1149 1885 et
1170 1809 1300 1890 Tuscia

283 1924 334 1997 illi
358 1927 534 2025 provincia
558 1927 700 2002 adiacet

335 2047 380 2122 31
413 2043 528 2146 Super
559 2047 626 2120 hoc
652 2046 841 2120 marirnum
874 2046 1024 2146 possidet
1055 2049 1189 2122 bonum
1214 2048 1298 2124 RO-

284 2161 410 2238 MAM
438 2163 676 2265 splendoribus
709 2164 906 2240 divinorum
937 2164 1174 2240 aedificiorum
1201 2195 1298 2241 orna-

281 2303 374 2361 tam:
395 2311 514 2358 omnes
541 2283 634 2357 enim
653 2283 873 2384 imperatores
900 2284 944 2358 ob
970 2284 1113 2384 gloriam
1132 2314 1213 2360 suae
1232 2287 1297 2359 vir-

284 2404 370 2479 tutis
393 2401 635 2503 unusquisque
655 2403 794 2478 illomm
813 2405 991 2504 proprium
1010 2433 1096 2506 opus
1115 2433 1178 2481 suo
1192 2407 1302 2480 nomi-

281 2555 327 2600 ne
347 2526 561 2600 dedicarunt.
583 2522 672 2622 Quis
695 2525 789 2598 enim
809 2523 984 2599 Antonini
1003 2525 1199 2601 dinumeret
1219 2553 1297 2626 ope-

280 2648 349 2722 ra?
369 2642 458 2742 Quis
485 2642 626 2718 'l'raiani
649 2643 704 2718 rel
731 2661 925 2721 ceterorum
951 2645 1098 2747 explicet
1123 2645 1161 2718 in
1188 2646 1297 2746 operi-

282 2766 348 2840 bus
373 2765 519 2865 publicis
546 2768 772 2842 ornamenta?
793 2768 831 2840 in
857 2796 925 2868 qua
951 2784 986 2841 et
1011 2767 1181 2840 circenses
1206 2766 1296 2838 bene
1360 2753 1365 2762 ’

280 2887 459 2988 dispositos
484 2889 637 2962 invenies
658 2889 795 2963 ordines
814 2888 1131 2963 habundantissimo
1157 2887 1296 2960 aerami-

281 3029 327 3080 ne
353 3006 540 3081 decoratos.
561 3005 673 3080 Habet
699 3024 734 3081 et
759 3007 906 3082 fluvium
932 3007 1053 3080 utilem
1078 3006 1169 3095 sibi,
1189 3005 1251 3106 qui
1277 3033 1297 3078 a

281 3125 449 3202 Tiberino
470 3125 605 3202 Tiberis
637 3128 845 3202 vocabulum
877 3127 1053 3228 sumpsit3
1087 3153 1168 3200 nam
1199 3127 1295 3226 prius

282 3244 410 3320 Albula
430 3247 609 3321 dicebatur
631 3277 641 3344 3
667 3246 729 3346 qui
753 3245 912 3320 incidens
931 3246 1054 3319 urbem
1075 3244 1231 3344 pervenit
1256 3245 1295 3317 in

282 3395 374 3444 mare
390 3425 400 3458 ,
416 3385 451 3443 et
475 3369 672 3469 peripsum
691 3368 807 3441 omnia
829 3367 1026 3440 ascendunt
1051 3393 1141 3465 quae
1162 3391 1181 3437 e
1199 3391 1295 3462 pere-

281 3487 387 3584 grinis
418 3486 563 3560 veniunt
588 3485 785 3584 regionibus
816 3485 940 3558 decem
972 3500 1008 3557 et
1041 3501 1121 3558 octo
1152 3481 1294 3556 milibus

278 3633 459 3707 passuum.
486 3605 533 3679 Et
560 3605 611 3680 sic
639 3606 761 3680 civitas
787 3605 951 3678 onmibus
977 3603 1079 3676 bonis
1104 3599 1293 3678 habundat.

283 3724 398 3799 Habet
424 3743 543 3800 autem
569 3744 604 3800 et
630 3744 791 3802 senatum
816 3726 1004 3801 maximum
1034 3725 1186 3800 virorum
1211 3720 1294 3796 divi-

347 3927 389 3998 (ι)
404 3932 571 3988 codplurr'nnr
588 3947 685 3988 pascuo.

361 4073 411 4140 (r)
432 4070 472 4124 lu
493 4069 589 4122 litteris
605 4069 707 4136 magnis
727 4074 753 4123 in
773 4071 886 4126 codice.
905 4067 945 4120 uti
964 4067 1045 4122 ctiam
1064 4067 1174 4122 ROMA.

877 4161 926 4235 ab
951 4163 971 4207 ‘¹
