3638 5332
679 699 967 750 sunrnrnnnnon·
1248 679 1315 769 379

303 850 382 905 litore
400 852 480 906 moris
494 870 501 904 t
516 851 591 906 unde
611 869 670 904 enm
687 850 793 904 audiret
847 847 1057 918 designationem
1080 848 1162 903 huius
1182 846 1274 907 iacti.
1298 865 1342 904 eos

303 938 446 992 tumultum
471 937 534 993 belii
555 974 563 997 .
588 938 715 994 credebat
734 937 793 1008 Tp—
846 935 932 1005 pisces
954 936 982 988 in
1006 937 1106 989 oselom
1127 935 1342 994 transtulerunt·

301 1024 415 1095 phoeum
437 1026 515 1096 sequi
535 1041 564 1080 se
581 1037 719 1098 rapturum
737 1043 744 1076 ι
766 1033 794 1078 et
811 1068 815 1077 .
848 1034 876 1078 et
890 1041 923 1078 ex
932 1025 971 1079 eis
984 1025 1081 1080 iactum
1092 1037 1133 1080 est
1151 1025 1256 1094 signum
1266 1027 1339 1097 quod

301 1113 363 1168 ideo
377 1114 413 1168 ob
427 1115 539 1168 nimium
553 1115 673 1169 timorem
692 1131 720 1168 se
733 1129 794 1166 eom
847 1110 950 1168 dicitur
966 1111 1054 1184 piscis.
1067 1111 1113 1166 tot
1124 1111 1228 1166 dieitur
1237 1129 1295 1168 esse
1310 1113 1339 1168 in

302 1202 358 1256 iiiio
382 1203 495 1274 proiecit
516 1203 544 1256 io
562 1221 641 1257 more.
660 1205 721 1258 Duo
743 1220 793 1255 ao·
848 1201 962 1270 aquario
983 1211 1011 1256 et
1027 1200 1145 1274 piscibus
1159 1212 1266 1273 propter
1278 1220 1342 1274 pro·

303 1301 356 1344 tem
369 1291 455 1363 pisces
475 1291 616 1346 immensae
633 1289 795 1362 magnitudi·
850 1287 993 1359 prietatem
1003 1326 1011 1348 .
1021 1301 1086 1344 sono
1097 1291 1167 1345 enim
1177 1292 1278 1346 mnitae
1293 1308 1341 1344 oa-

303 1377 346 1431 nis
363 1389 543 1450 supponentes
562 1379 684 1434 humeros
709 1396 794 1438 suos.
849 1379 919 1433 dont
934 1395 1019 1450 oquae
1033 1389 1061 1434 et
1078 1379 1167 1436 nives:
1180 1398 1241 1434 nam
1254 1398 1341 1452 aquo-

302 1461 374 1516 nitra
392 1481 463 1519 mare
483 1466 601 1520 tolerunt
621 1485 674 1520 eos.
688 1466 732 1519 Dii
748 1483 792 1518 ιιι·
847 1465 904 1521 rius
915 1478 1006 1540 portat
1022 1485 1131 1526 ornam,
1145 1479 1173 1524 et
1182 1470 1266 1542 pisces
1276 1487 1340 1524 sern-

304 1563 357 1606 tem
376 1554 497 1610 ridentes
521 1571 610 1611 eornm
636 1555 746 1626 iugem.
766 1557 800 1610 ad
855 1573 901 1628 per
917 1566 981 1610 root
997 1556 1025 1610 in
1040 1557 1126 1628 equis.

672 1809 972 1869 ttsnrtrtt

551 1975 850 2026 sanctitutists
891 1982 1094 2031 viscort

574 2107 619 2158 nn
638 2105 784 2159 omnino
804 2106 986 2164 roononurr
1006 2113 1067 2183 (t).

358 2247 473 2300 Domino
493 2246 645 2300 beatissimo
672 2265 703 2300 π
723 2249 796 2302 (1035.
849 2233 903 2288 iuit
917 2235 1048 2304 ingentem
1062 2236 1265 2309 praeteritorum
1279 2249 1342 2292 tem·

305 2335 490 2388 derantissinro
503 2337 529 2387 in
538 2336 648 2390 Christo
658 2335 734 2390 irotri
749 2339 796 2392 Po·
850 2341 941 2394 porum
975 2327 1067 2378 siivam
1099 2325 1220 2382 breviato
1252 2329 1341 2382 tenuis

305 2422 384 2475 lensio
401 2425 524 2494 episcopo
538 2423 671 2477 Martinus
691 2423 796 2494 episoo-
850 2413 999 2483 compendii
1025 2431 1143 2468 sermone
1166 2414 1341 2484 contingere,

307 2527 369 2580 pus.
850 2509 878 2552 et
898 2498 988 2552 cibum
1002 2501 1110 2556 rusticis
1124 2501 1225 2556 rustioo
1242 2519 1343 2557 sermo-

851 2603 884 2640 ne
897 2589 1017 2642 condiro.
1034 2589 1077 2643 ita
1096 2605 1178 2658 ergo.
1202 2590 1341 2663 opitulan-

343 2704 354 2738 r
377 2631 551 2757 Epistulam
562 2695 799 2746 tuoesanotoeoa·
853 2683 881 2736 ie
896 2673 948 2728 tibi
966 2675 1021 2730 Deo
1033 2713 1039 2734 ι
1049 2687 1102 2730 ortt
1118 2677 1184 2729 'tute
1200 2677 1342 2748 pnedits-

306 2775 397 2829 ritatis
412 2775 518 2846 accepi,
535 2775 563 2828 in
579 2793 634 2845 qua
650 2773 745 2829 scribis
763 2776 798 2829 od
853 2763 935 2818 5⁰¹¹ss
959 2764 1107 2818 mulium·
1121 2767 1167 2837 (²)
1202 2798 1208 2813 ·

307 2880 348 2916 me
372 2875 404 2918 nt
425 2883 475 2934 pro
488 2863 664 2932 castigatione
682 2863 796 2918 rostieo·
883 2867 899 2906 ²
920 2852 1342 2915 Doideronusmttitarissimi.

306 2967 389 3007 mm,
407 2952 455 3021 qui
479 2950 566 3003 adhuc
585 2949 699 3022 pristina
718 2967 799 3022 ΡΨ.
855 2943 1020 2996 annuncifli'e
1036 2942 1112 2998 Vobis
1127 2943 1156 2996 in
1169 2944 1345 3000 nomineno-

308 3057 402 3094 norom
411 3039 602 3111 superstitione
611 3038 801 3095 detentisoul.
854 3027 921 3081 mini
941 3029 1027 3084 nostri
1050 3033 1111 3084 lesu
1134 3029 1266 3090 Christi,
1295 3028 1344 3102 (3)

310 3139 367 3180 tum
380 3126 558 3180 venerationis
578 3126 637 3197 pius
655 3127 801 3181 daemoniis
855 3134 925 3187 ΨΜ
943 3129 990 3172 ⁸¹¹2
1008 3119 1117 3172 minime
1141 3120 1277 3179 audistis·
1296 3132 1344 3175 tut

308 3229 389 3282 qnam
400 3215 456 3268 Deo
473 3215 645 3286 persolvunt,
665 3213 757 3285 aliqua
767 3215 802 3268 de
856 3207 951 3259 audita
975 3206 1084 3262 sortasse
1103 3207 1234 3264 oblivioni
1252 3209 1343 3262 dedis·

311 3300 414 3368 otigine
442 3300 574 3356 idolorum
605 3311 634 3355 et
659 3300 802 3356 sedenibus
855 3296 907 3349 iit·
924 3297 1042 3351 Petimus
1063 3296 1103 3370 (4)
1121 3315 1182 3368 ergo
1205 3297 1344 3352 entitatem

311 3387 428 3458 ipsorum
442 3389 484 3442 vel
501 3405 589 3461 pausa
607 3389 641 3442 de
660 3388 752 3442 multis
767 3390 803 3442 ad
856 3395 970 3438 vestram
982 3395 1030 3442 ‚ot
1043 3402 1113 3458 quae
1130 3403 1179 3460 pro
1190 3386 1276 3442 salute
1290 3403 1344 3440 veo

315 3485 340 3528 te
363 3475 465 3546 scripta
484 3475 646 3544 dirigerem·
666 3475 717 3528 Sed
736 3475 802 3544 qnia
855 3483 897 3526 tra
911 3474 1054 3533 dicuntur,
1072 3475 1201 3528 attentius
1212 3473 1338 3528 audiatisr

314 3574 419 3636 oportet
428 3563 462 3617 ab
471 3563 549 3618 initio
560 3564 653 3618 mundi
665 3564 705 3617 rei
717 3564 800 3618 modi·
853 3561 945 3629 longos
957 3561 1058 3634 quippe
1072 3579 1120 3634 per
1138 3563 1244 3617 divinas
1260 3563 1343 3633 scrip·

310 3671 369 3706 cam
382 3653 436 3706 illis
453 3652 566 3708 rationis
582 3653 707 3708 notitiam
720 3651 799 3722 qussi
853 3658 926 3702 tures
947 3648 1012 3703 ordo
1038 3647 1290 3720 dirigitur-<med
1312 3661 1344 3704 ut

311 3759 359 3812 pro
373 3749 452 3808 postu
470 3739 623 3810 porrigere,
642 3757 747 3794 neeesse
760 3755 803 3792 roe
854 3735 895 3794 rei
905 3732 951 3807 (6)
966 3735 1164 3806 aliquantulum
1177 3740 1205 3790 in
1215 3735 1340 3798 memorio

351 3900 394 3971 (ι)
410 3907 467 3951 Vide
477 3923 536 3968 qnae
552 3923 591 3952 nor
607 3906 708 3954 diriores
721 3909 744 3950 io
756 3903 800 3950 doe
850 3907 1030 3946 tantamne
1037 3897 1144 3946 Domini·
1171 3898 1209 3963 (4)
1228 3901 1347 3960 rtprrm.

303 3985 464 4045 prsoiationis.
502 3981 542 4046 (a)
559 3991 630 4031 voert
646 3988 688 4030 iroe
708 3985 805 4042 proitoe·
856 3978 921 4026 nrriio
937 3995 1016 4028 senso.
1048 3975 1088 4040 (5)
1106 3977 1254 4025 Harundo
1263 3980 1350 4038 dipes-

306 4061 595 4123 miomrpndtiorosionr.
626 4056 797 4126 (3)s10=·m-
854 4068 909 4110 tae.
940 4054 981 4120 (6)
998 4057 1151 4104 liniensi-
