3666 5338
515 621 566 686 ⁴80
792 625 1160 700 MYTHOGRAPHUS
1184 633 1209 698 1.

514 783 585 837 briae
604 803 665 839 nam
681 785 764 855 frigus
786 807 839 844 non
851 793 980 849 sentiant·
1034 797 1145 850 minam.
1166 797 1228 852 laico
1247 808 1356 855 matrem
1376 803 1506 863 deorumt

513 873 562 926 Per
583 873 725 928 eburneam
745 895 806 932 vero
824 891 928 949 portora
951 900 980 935 os
1032 885 1107 954 quod
1133 886 1197 940 dent
1219 906 1266 958 pro
1288 889 1412 962 superbia
1430 913 1501 946 nun-

514 961 668 1031 designatur
684 983 726 1023 ‚a
751 966 884 1022 dentibus.
906 969 982 1022 Unde
1034 975 1128 1046 eupari
1160 975 1315 1038 voluerunt.
1342 967 1369 1036 e‘t
1392 995 1504 1036 matrem

513 1058 542 1102 et
560 1047 662 1105 Aeneas
680 1051 876 1124 perthurneam
884 1053 981 1107 emitti·
1034 1061 1141 1116 deorum
1171 1063 1200 1116 in
1226 1065 1334 1118 nandum
1363 1069 1502 1140 potentiae

515 1147 679 1208 tnrportanr.
693 1141 979 1202 Veldicitnrelrarnea,
1032 1159 1151 1218 porrum:
1172 1149 1244 1203 unde
1263 1152 1363 1222 c5bele
1384 1155 1502 1212 dicitnr·

514 1225 591 1292 quasi
601 1226 719 1280 ornatior
735 1239 826 1300 porta:
841 1247 932 1302 nempe
948 1248 980 1286 ea

514 1329 584 1380 (puae
601 1332 681 1386 supra
694 1314 826 1370 fortunam
844 1330 918 1374 sunt

532 1502 594 1559 229.
629 1488 804 1557 Endymionis
822 1499 849 1544 et
867 1493 955 1546 lunae.

549 1603 726 1730 Endymion
735 1675 824 1736 pastor
834 1667 981 1720 amassedi-

513 1747 583 1802 citur
600 1749 689 1802 lanaan
705 1769 753 1805 teu
778 1753 908 1807 Dianam:
929 1755 981 1827 qui

512 1847 616 1906 spretus
625 1840 699 1909 pavit
709 1858 804 1912 pecora
819 1844 982 1898 candidissi-

512 1939 572 1982 ma.
590 1935 619 1978 et
638 1929 676 1980 aie
687 1943 743 1980 eam
757 1929 785 1981 in
802 1946 879 1982 snum
896 1931 981 1985 illexit

514 2027 638 2064 amorem.
663 2015 747 2068 Cuius
776 2017 814 2069 rei
843 2017 981 2086 mysticam

512 2099 647 2166 quandam
662 2101 755 2156 volunt
770 2105 908 2158 rationem·
923 2108 980 2158 llu-

511 2186 556 2256 plo
575 2189 676 2260 quippe
701 2192 778 2245 niodo
800 2210 898 2246 amatre
916 2195 980 2248 dici·

512 2277 675 2342 turluuanr;
701 2299 747 2332 seu
778 2283 851 2350 quod
877 2283 978 2352 primus

511 2361 648 2417 hominurn
659 2385 762 2420 cursum
777 2368 855 2422 ianae
869 2369 980 2424 invene·

511 2453 548 2506 rit
555 2473 565 2518 3
584 2454 655 2508 unde
673 2467 699 2510 et
718 2455 804 2510 XXX·
821 2460 897 2514 annis
915 2460 977 2513 dor·

511 2540 589 2594 mitae
599 2541 700 2595 dicitur
715 2580 723 2601 ‚
745 2545 809 2614 quia
819 2545 887 2598 nillil
902 2548 976 2600 aliud

512 2627 541 2682 iu
558 2629 615 2682 vita
638 2648 686 2683 sua
707 2633 758 2685 nisi
771 2632 835 2685 huic
854 2637 977 2707 repertio

509 2720 538 2774 ni
556 2721 670 2776 studuit·
681 2723 742 2777 Sive
758 2727 830 2794 quod
851 2733 976 2785 nocturni

510 2809 691 2870 rorislrumnr,
710 2813 757 2883 qui
775 2819 976 2874 sunttarnside·

510 2915 568 2950 runa
594 2915 675 2968 quarn
697 2899 780 2970 ipsius
796 2901 875 2958 lunae
891 2924 975 2978 vapo-

509 3003 551 3040 res
563 2986 730 3045 ‚animandis
746 2990 890 3046 herbarum
905 2996 975 3050 aucit

508 3076 686 3130 consideravit
704 3097 784 3149 quarn
797 3081 975 3153 pastoralibus

508 3165 612 3236 prosint
629 3166 802 3222 succentibus·

526 3337 590 3398 230·
609 3341 798 3413 hiacynthino
810 3344 932 3404 etAtior.

542 3465 742 3590 Berecynthia
760 3533 844 3578 mater
863 3527 972 3582 deorum

1031 1237 1108 1306 quasi
1127 1242 1198 1304 κῦδος
1210 1239 1330 1306 βέβαιον.
1347 1242 1376 1296 id
1395 1255 1435 1298 etl
1449 1245 1508 1311 glo-

1033 1327 1088 1380 riae
1100 1329 1219 1386 firmitas.
1231 1333 1299 1400 Ergo
1310 1331 1440 1404 potentia.
1452 1327 1507 1400 glo'·

1035 1416 1091 1468 riae
1110 1433 1212 1488 sempor
1230 1437 1316 1474 arnone
1336 1429 1461 1477 torretur,
1476 1429 1504 1472 nt

1033 1502 1116 1558 livore
1136 1506 1402 1576 torqueruncitoquo
1415 1503 1506 1558 abaci·

1033 1589 1075 1643 dit
1088 1591 1161 1660 quod
1177 1590 1285 1658 diligit.
1313 1594 1378 1645 dum
1413 1605 1502 1648 tamen

1034 1688 1153 1748 amputat
1174 1679 1238 1732 illud
1253 1678 1327 1750 quod
1341 1677 1411 1734 odit.

1072 1852 1135 1908 231.
1147 1853 1262 1924 Psychae
1281 1864 1308 1908 nt
1328 1854 1486 1926 Cupidinis.

1071 1969 1229 2101 Apuleias
1257 2031 1285 2082 in
1311 2027 1387 2082 libris
1419 2041 1505 2082 rneta·

1036 2119 1208 2190 morphoseon
1216 2118 1325 2176 scribit.
1345 2119 1372 2171 in
1386 2119 1503 2188 quadarn

1034 2209 1145 2265 civitate
1165 2228 1251 2277 regern
1272 2220 1300 2261 et
1323 2209 1505 2276 reginanrha-

1032 2296 1122 2351 baisse
1152 2308 1204 2350 tres
1230 2296 1299 2350 filias
1321 2315 1329 2346 ε
1361 2296 1426 2348 duas
1455 2315 1507 2350 na-

1031 2395 1061 2439 tu
1091 2385 1202 2439 maiores
1238 2395 1382 2456 temperata
1417 2387 1506 2455 speeie

1032 2471 1127 2536 luisse5
1146 2471 1274 2525 iuniorem
1286 2489 1359 2529 vero,
1382 2471 1502 2540 Psychen

1030 2559 1158 2616 nomine.
1191 2569 1245 2612 tarn
1264 2559 1345 2612 mirae
1362 2561 1497 2613 exstitisse

1029 2645 1196 2712 elegantiae,
1225 2657 1255 2698 ut
1273 2647 1422 2698 errderrtur
1442 2648 1497 2700 Ve-

1029 2743 1158 2786 nuseasttl
1174 2733 1285 2786 rrestrit.
1301 2733 1422 2804 Denique
1434 2734 1503 2786 dua·

1027 2818 1078 2876 bus
1102 2819 1245 2874 maioribus
1263 2821 1291 2873 in
1310 2822 1464 2891 coniugium
1487 2841 1502 2874 a

1027 2909 1225 2986 virisodocitis‚
1245 2910 1407 2966 illamveluti
1426 2911 1502 2965 deam

1025 3017 1078 3052 non
1088 2997 1229 3069 qnisquam
1241 3017 1329 3052 amare
1337 3017 1417 3053 ausus
1428 3010 1498 3057 erat,

1028 3087 1076 3141 sed
1086 3088 1204 3141 venerari
1213 3107 1223 3152 ;
1243 3098 1326 3158 atquo
1339 3087 1434 3142 hostiis
1444 3105 1502 3141 eant

1027 3171 1134 3227 sibimet
1152 3173 1290 3246 deplacarc
1315 3174 1498 3228 intendebant

1026 3261 1117 3315 Venus
1153 3281 1215 3332 ergo
1245 3282 1369 3318 succensa
1392 3261 1501 3316 invidia

1028 3349 1188 3422 Cupidinem
1211 3352 1299 3423 petit.
1325 3363 1355 3405 ut
1386 3353 1412 3405 in
1431 3370 1499 3404 con·

1028 3449 1158 3492 tumacem
1173 3439 1280 3495 lerinam
1296 3441 1421 3494 severiter
1436 3441 1500 3494 vin-

1029 3527 1108 3582 dicet.
1135 3527 1185 3580 lile
1206 3529 1240 3580 ad
1261 3527 1354 3581 matris
1375 3527 1506 3582 ultionem

506 3604 574 3659 Atin
614 3625 724 3678 pueram
763 3609 975 3668 foemininum
1030 3613 1176 3668 adventans
1195 3614 1277 3667 visam
1297 3613 1411 3686 puellam
1434 3615 1502 3668 ada-

506 3709 607 3746 amasso
619 3694 737 3755 dicitur,
753 3715 831 3767 quem
851 3679 974 3756 aeloiuc-
1029 3700 1127 3758 mavit,
1144 3700 1241 3772 etipse
1260 3719 1288 3755 re
1306 3719 1355 3755 suo
1375 3703 1427 3757 telo
1445 3721 1502 3774 per·

507 3799 602 3840 censa,
632 3785 773 3838 caenando
804 3788 974 3842 semimascu-
1029 3788 1120 3842 cussit.
1140 3791 1233 3860 ltaque
1247 3789 1379 3862 Apollinis
1396 3792 1498 3846 denun-

508 3867 562 3920 lun
591 3867 662 3923 iecit.
690 3873 889 3943 Berecynthiam
919 3876 975 3928 dici
1031 3876 1144 3930 tiatione
1155 3875 1263 3931 iubetur
1274 3878 1360 3949 puelia
1379 3878 1407 3932 in
1423 3899 1499 3933 mon-

510 3956 666 4018 voluerant.
686 3960 762 4031 qnasi
782 3962 913 4018 montium
926 3963 977 4034 ‹lp-
1030 3966 1065 4021 tis
1086 3965 1222 4024 cacumine
1244 3968 1299 4023 oola
1327 3969 1429 4026 dimitti
1439 3981 1503 4030 raet
