3634 5336
615 646 670 692 sus
690 641 884 692 consrsnno
905 641 973 691 rur.
1198 617 1273 718 399

286 805 466 880 Saracenis
490 862 499 895 ‚
527 805 563 885 in
591 832 659 906 qua
679 803 859 903 publicum
879 831 965 904 opus
992 806 1149 905 tetrapyli
1167 806 1304 880 mirabi-

282 927 315 1001 le
340 926 550 1002 nominatur.

335 1063 383 1137 23
410 1060 549 1136 Deinde
584 1061 678 1157 regio
714 1059 856 1134 Ciliciae
888 1117 898 1150 ,
931 1088 1020 1161 quae
1054 1057 1184 1135 faciens
1215 1062 1303 1134 mul-

280 1197 358 1256 tum
389 1183 510 1256 vinum
540 1237 550 1270 ‚
582 1179 743 1253 laetificat
775 1180 966 1280 provincias
997 1180 1163 1279 plurimas
1191 1241 1199 1256 .
1232 1177 1301 1253 Ha·

280 1299 340 1373 bet
365 1317 482 1374 autem
503 1298 674 1372 civitatem
691 1298 820 1372 honam
839 1315 874 1372 et
891 1325 1052 1396 magnam
1075 1357 1085 1388 ‚
1112 1325 1200 1400 quae
1222 1296 1307 1372 Tar·

284 1427 342 1492 sus
360 1434 512 1492 vocatur.
524 1415 609 1490 Post
628 1417 718 1490 hanc
738 1417 894 1516 superius
911 1418 1014 1490 habes
1028 1415 1306 1517 Cappadociam,

285 1567 374 1640 quae
393 1540 483 1614 viros
501 1537 604 1612 habet
623 1537 755 1612 nobiles
777 1541 828 1640 (ι)
847 1595 855 1628 ,
877 1539 913 1610 in
940 1557 1008 1640 qua
1028 1555 1078 1612 est
1098 1539 1215 1611 civitas
1234 1565 1305 1612 ma·

282 1660 375 1732 xima
401 1688 489 1761 quae
515 1676 657 1734 vocatur
686 1658 885 1748 Caesarea,
912 1687 1001 1759 quae
1028 1659 1153 1757 frigora
1179 1683 1304 1756 magna

281 1778 407 1851 habere
425 1776 562 1855 dicitur.
583 1778 679 1851 llaec
699 1777 829 1878 ubique
849 1761 1040 1876 leporinam
1060 1793 1188 1850 vestem
1208 1775 1304 1850 emit·

280 1898 324 1970 tit
347 1949 357 1987 ,
384 1913 419 1970 et
443 1896 725 1998 babylonicarum
744 1896 887 1996 pellium
907 1912 942 1970 et
960 1895 1158 1969 divinorum
1177 1895 1306 1968 anima·

281 2017 369 2090 lium
395 2017 702 2117 pulchritudinem.
723 2013 812 2090 Inde
839 2015 951 2089 obviat
971 2013 1105 2089 Galatia
1131 2014 1307 2114 provincia

285 2138 414 2238 optima
443 2137 509 2210 sibi
534 2135 735 2225 sufficiens,
761 2163 850 2236 quae
873 2192 883 2225 ,
909 2134 1095 2236 plurimam
1118 2150 1248 2209 vestem
1274 2163 1308 2208 e·

283 2283 384 2332 mens
423 2284 463 2330 ac
494 2255 647 2328 vendens
673 2253 790 2344 fisco,
823 2256 933 2330 bonos
963 2253 1088 2328 milites
1125 2269 1305 2354 praestat.

284 2373 398 2449 Habet
425 2391 459 2448 et
485 2374 656 2447 civitatem
680 2400 841 2472 magnam
866 2371 1044 2474 Ancyram
1073 2429 1083 2464 ,
1109 2401 1197 2476 quae
1224 2373 1308 2446 divi·

287 2520 377 2568 num
402 2518 528 2592 panem
554 2509 588 2565 et
615 2491 924 2566 eminentissimum
947 2496 993 2594 (a)
1015 2492 1144 2567 dicitur
1162 2492 1309 2568 mandu-

284 2640 362 2688 care

339 2737 390 2830 24
415 2731 549 2806 Iterum
567 2730 719 2832 Phrygia
733 2734 783 2833 (a)
801 2789 811 2822 ‚
830 2751 864 2807 et
882 2735 955 2834 ipsa
974 2734 1069 2832 regio
1087 2735 1179 2807 bona
1194 2761 1304 2836 ‚quae

285 2853 391 2926 fortes
422 2851 598 2952 possidens
629 2852 756 2940 viros,
788 2851 891 2926 habet
922 2853 1106 2928 maximam
1138 2853 1309 2928 civitatem

286 2999 375 3070 quae
402 2967 564 3043 Laodicia
589 2970 745 3060 dicitur,
766 2969 810 3046 dc
837 2999 906 3071 qua
932 2971 1033 3045 vestis
1059 2972 1130 3046 exit
1153 2974 1310 3048 nomina·

286 3102 322 3160 ta
344 3142 354 3175 ,
381 3115 470 3188 quae
496 3087 623 3162 dicitur
642 3087 830 3165 laodicena.
852 3087 946 3162 Huic
966 3089 1123 3190 superius
1142 3087 1310 3166 Armenia

287 3205 403 3280 minor
428 3206 679 3304 coniungitur,
698 3235 787 3308 quae
815 3207 946 3307 equites
973 3223 1008 3280 et
1033 3207 1220 3306 sagittarios
1245 3212 1312 3285 uti·

287 3323 336 3398 les
360 3324 475 3401 mittit.
496 3321 635 3399 Deinde
662 3323 895 3426 Paphlagonia
922 3343 956 3398 et
976 3324 1136 3416 Pontus,
1156 3355 1245 3428 quae
1264 3329 1311 3402 vi-

290 3471 345 3518 ros
372 3443 563 3518 eminentes
590 3461 624 3517 et
650 3443 770 3520 divites
796 3447 926 3521 habent
957 3445 1101 3536 ‚sicuti
1134 3443 1312 3550 Cappado·

355 3665 394 3736 (a)
412 3671 467 3714 cod·
478 3672 714 3717 vehementissimum.

292 3869 294 3875 ·
371 3837 419 3907 (ι)
440 3837 528 3888 Etiam
546 3835 728 3903 §.Gregorius
752 3836 926 3890 nazianzenus
942 3837 969 3890 in
989 3835 1143 3892 laudatione
1166 3839 1192 3892 s.
1208 3839 1300 3894 3,,ηῇ

290 3923 328 3976 ait
348 3921 519 3994 Cappadocas
540 3921 655 3998 σεμνούς.

370 4009 410 4084 (2)
430 4011 563 4082 lacqnitnr
581 4013 615 4066 de
632 4011 748 4082 Phrygia
766 4029 867 4080 magns.
