3646 5342
690 593 818 664 LIBER
840 597 868 670 L
1223 599 1266 668 35

426 786 481 842 φ.
501 770 591 824 Panis.
807 789 870 824 num
893 789 969 828 tersa
995 771 1065 828 inter
1086 771 1137 827 hoc
1159 772 1195 826 ad
1216 789 1275 826 erm

807 859 898 918 venit.
917 869 948 913 ut
970 861 1028 914 cius
1049 859 1189 913 audaciam
1208 876 1275 913 con-

321 893 404 1004 Pan
422 965 483 1001 cunr
500 945 623 1000 Tmolum
641 953 757 998 montem
809 961 936 1023 pererret.
964 951 1049 1022 Quam
1075 967 1135 1003 corn
1164 947 1277 1004 vidisset

286 1035 389 1105 Lydiae
398 1034 569 1104 frequentans
579 1033 667 1086 fistula
676 1049 704 1086 te
711 1031 758 1084 ob·
809 1040 839 1092 in
851 1040 993 1094 certamine
1005 1049 1215 1111 permanentem,
1234 1053 1275 1090 re·

287 1123 571 1196 lectmct.Apollinem
586 1123 757 1176 interum
811 1146 885 1184 versa
905 1129 1026 1182 insuam
1046 1125 1181 1197 speciem.
1200 1139 1277 1194 opere

284 1213 420 1270 evocavit.
438 1211 529 1266 iudice
546 1211 649 1266 Tmolo.
662 1213 758 1281 ltaque
810 1217 945 1290 proposito
966 1216 996 1269 iu
1019 1225 1150 1268 oertmen
1169 1213 1279 1267 descen-

287 1317 347 1352 tum
364 1299 483 1372 Apollini
497 1299 612 1354 victorie
626 1297 758 1352 wud-
812 1305 862 1359 dit.
887 1305 931 1368 Sic
957 1303 1031 1357 ricta
1046 1299 1195 1358 Anchoe.
1219 1316 1279 1352 cum

288 1386 426 1446 iudicata.
444 1387 536 1440 Midae
549 1389 604 1456 regi
622 1385 760 1440 adsidenti
813 1392 1000 1446 contumeliose
1021 1408 1037 1441 a
1060 1389 1181 1443 Minerva
1203 1385 1280 1456 pulsa

285 1472 338 1528 soli
358 1473 507 1546 displicuit.
528 1475 613 1545 Quam
633 1472 669 1528 ob
693 1489 761 1524 0¹1¹·
811 1472 1282 1550 erset.suspencliosealfecit.l'rop·

288 1579 345 1618 sam
363 1563 434 1616 Dens
451 1561 539 1618 iratus
559 1581 636 1618 aures
650 1563 709 1616 eins
730 1578 761 1612 a·
813 1580 853 1623 rer
865 1567 985 1622 studium
998 1577 1087 1620 notun
1100 1563 1174 1636 qood
1190 1579 1206 1614 a
1223 1561 1280 1614 Mt-

291 1653 395 1707 aininas
415 1651 489 1707 iecit.
508 1653 555 1708 llle
580 1652 701 1708 crininis
719 1652 763 1706 sui
814 1671 895 1708 nerva
918 1661 1076 1724 acceperat.
1106 1652 1134 1704 in
1158 1664 1282 1703 araneam

291 1751 382 1794 notan
408 1741 510 1795 tonsori
538 1751 645 1794 tentum
671 1750 761 1793 oeten·
814 1761 890 1798 versa
902 1754 959 1800 eet,
979 1754 1009 1795 ut
1022 1757 1101 1813 opere
1113 1738 1206 1793 inutili
1220 1736 1284 1789 nul-

292 1828 350 1890 eit,
368 1829 537 1900 praecipiens
556 1828 600 1886 ei,
619 1840 652 1882 ot
667 1829 691 1882 si
708 1827 763 1880 eri-
816 1835 869 1887 tum
888 1851 965 1887 suum
979 1833 1100 1885 effecum
1114 1844 1207 1900 capere
1220 1843 1283 1898 pos·

256 1957 260 1964 .
291 1931 352 1968 men
371 1915 430 1968 eius
455 1916 579 1972 celaret.
605 1913 763 1986 participem
815 1932 865 1976 ret.

290 2023 352 2058 eum
365 2005 440 2072 regni
458 2004 580 2058 efficeret·
600 2005 648 2058 tlte
666 2015 764 2057 terram
878 2025 880 2032 ,

291 2091 377 2150 rodit.
396 2102 424 2146 et
443 2101 573 2145 secretum
596 2090 698 2144 domini
721 2089 764 2144 sui
959 2107 1004 2166 92·
1023 2090 1154 2146 Alcestae.

294 2179 324 2233 in
333 2177 434 2234 deicere
448 2190 536 2233 terroe
546 2177 634 2236 dixit,
652 2189 681 2231 et
699 2195 764 2250 ope·

296 2267 362 2322 ruit.
378 2269 410 2320 lu
422 2265 581 2322 eodemlooo
595 2266 711 2318 celarum
724 2272 765 2316 est
910 2269 1014 2323 elmerus
1031 2285 1077 2320 rex
1089 2263 1216 2320 Graeciae
1234 2257 1284 2313 Al-

294 2367 391 2419 rratus5
409 2353 546 2409 undesibi
559 2364 650 2426 pastor
666 2352 763 2407 tibiam
818 2369 909 2414 cesten
928 2358 956 2410 in
979 2353 1103 2422 coniugio
1122 2349 1218 2424 petiit,
1238 2363 1286 2398 cu-

295 2446 378 2506 tenir.
396 2463 545 2517 quaecum
565 2441 767 2518 percutiebatur
818 2447 861 2500 ius
880 2458 956 2520 pater
967 2445 1085 2499 edictum
1101 2447 1286 2513 proposuerat.

296 2536 420 2595 dicebat.
438 2534 515 2589 Mida
538 2551 584 2587 rex
609 2551 684 2586 curer
709 2533 767 2587 asi-
818 2545 850 2588 ut
872 2533 975 2604 siquis
993 2532 1060 2585 duas
1077 2528 1145 2584 ierus
1159 2525 1212 2582 sibi
1227 2525 1286 2578 ‹lis-

296 2625 375 2679 ninas
395 2622 487 2679 habet·
503 2621 620 2692 Quidam
637 2620 766 2680 tradunt.
818 2636 896 2691 perer
914 2638 963 2674 suo
975 2636 1055 2672 curru
1076 2618 1211 2686 iungeret.
1231 2611 1286 2682 ipse

298 2729 352 2766 non
371 2712 485 2769 Panem.
503 2709 550 2764 sed
568 2709 694 2762 Martiam
707 2725 768 2762 cum
823 2709 894 2761 illem
912 2709 940 2761 in
958 2707 1082 2776 coniugio
1103 2703 1242 2774 acciperet.
1264 2701 1287 2751 ls

298 2799 420 2870 Apolline
438 2809 560 2854 certasse·
822 2798 949 2862 Admetus
967 2795 1116 2868 Apollinem
1136 2803 1218 2862 atque
1232 2790 1287 2842 lle-

821 2885 905 2938 culem
921 2885 1006 2958 petit.
1024 2883 1073 2954 qui
1085 2881 1111 2934 ei
1129 2879 1164 2931 ad
1183 2893 1290 2930 currum

324 2989 369 3046 9¹·
388 2972 522 3027 Arachnes
540 2983 568 3027 et
585 2972 732 3029 Minervae·
821 2975 923 3030 leonem
935 2984 963 3026 et
973 2989 1064 3044 aprum
1078 2970 1230 3022 iunxerunt·
1240 2965 1290 3017 lta·

823 3081 876 3134 que
894 3061 1018 3115 Alcesten
1031 3059 1059 3112 in
1077 3056 1230 3126 coniugium
1243 3069 1291 3103 ac·

340 3090 493 3204 Arachne
506 3147 580 3219 lydia
592 3147 710 3202 Idmonis
726 3148 769 3222 (t)
822 3151 905 3223 cepit.
925 3150 993 3203 Cum
1011 3148 1041 3201 in
1054 3145 1234 3200 infirmitatem
1247 3157 1293 3192 ce·

302 3249 330 3292 et
348 3237 482 3310 llippopes
498 3237 571 3294 filia,
590 3237 680 3292 studio
698 3238 770 3291 luni·
824 3238 934 3292 cidisset
953 3235 1100 3292 Admetus,
1126 3241 1154 3286 et
1177 3230 1242 3284 mori
1264 3244 1292 3280 se

303 3327 359 3381 ficii
387 3325 483 3378 lernam
505 3323 670 3395 quaesierat:
695 3344 772 3378 cum-
825 3325 1010 3398 comperisset.
1030 3320 1178 3393 Apollinem
1197 3319 1293 3390 depre-

304 3433 357 3486 que
376 3425 495 3468 materna
513 3413 648 3467 indrutria
663 3426 772 3470 cunctas
826 3427 902 3470 catus
916 3424 965 3469 est.
984 3412 1032 3466 llle
1045 3429 1108 3465 vero
1124 3409 1209 3468 dixit·
1228 3426 1255 3461 ω
1267 3407 1292 3459 οἱ

305 3503 489 3576 praecessisset
502 3502 532 3557 in
544 3520 621 3574 opere
633 3503 773 3566 iaciendo,
827 3504 932 3578 aliquid
961 3520 1015 3557 non
1032 3517 1108 3572 posse
1131 3509 1265 3570 proestare
1285 3533 1292 3554 ·

306 3593 380 3647 iestis
408 3591 503 3647 diebus
531 3591 688 3648 insolentius
717 3595 775 3664 glo-
827 3595 920 3650 nisisi
940 3593 1043 3664 quisse
1062 3585 1295 3660 deeiuspropin-

307 3679 378 3733 riata
400 3691 458 3737 ert.
476 3697 558 3750 quam
574 3681 711 3734 mortalem
727 3683 777 3736 de·
828 3683 890 3755 quis
910 3683 945 3736 ad
957 3693 1067 3738 mortem
1081 3699 1129 3753 pro
1148 3695 1179 3732 eo
1197 3675 1295 3732 volon-

308 3778 415 3822 cuerat=
434 3785 496 3820 nam
509 3767 658 3822 Minervam
676 3769 704 3822 in
718 3787 776 3824 eer-
829 3774 898 3828 tarie
929 3771 1095 3844 optulissetr
1127 3765 1200 3838 quod
1230 3780 1296 3818 uxor

310 3867 398 3909 tomen
416 3856 588 3928 provocavit3
607 3874 676 3926 quac
697 3857 724 3911 in
745 3876 776 3912 a·
830 3860 925 3914 effecit.
944 3859 1038 3928 ltaque
1051 3852 1249 3910 llerculestlum
1262 3850 1296 3903 nd

365 4024 408 4091 (t)
425 4029 481 4076 cod.
500 4029 615 4074 Enervant:
630 4043 653 4072 et
671 4029 792 4089 llippopr's.

924 4094 1000 4174 3*
