3606 5356
646 667 910 717 cuosstn.
1180 637 1256 736 465

267 821 419 908 Furni,
426 820 605 924 fluorem
629 847 758 922 passus
781 847 869 898 sum.

267 943 480 1016 Furvarum
502 948 714 1030 notioratm,
736 949 896 1040 gentium
924 949 1142 1042 sufflarum,
1172 941 1285 1028 Indi,

318 1063 514 1164 Aegyptii,
530 1063 680 1148 Mauri,
696 1061 902 1166 Aetlu'opes.
922 1065 1089 1138 Furtum
1110 1067 1204 1137 enim
1219 1087 1284 1138 nos

316 1188 463 1280 nigrum
492 1183 671 1257 dicimus:
702 1183 797 1256 tarde
816 1183 931 1286 fitres
960 1187 1026 1287 qui
1059 1190 1097 1258 in
1129 1183 1285 1260 obsottro

317 1307 451 1376 latent:
482 1315 517 1375 et
527 1303 640 1406 fonti
655 1301 796 1403 fitrni,
814 1329 905 1402 ergo
929 1307 1036 1402 nigri.

266 1423 475 1507 Fetntinis,
499 1422 539 1494 id
560 1435 612 1496 est
634 1422 790 1496 sordidis
817 1422 1063 1498 occasiortibus
1092 1450 1188 1528 quae
1212 1448 1284 1526 per

320 1545 489 1616 mulieres
502 1539 650 1643 foetum
661 1541 799 1645 facere
815 1559 974 1646 posstatt.

265 1661 460 1736 Fidiculae
479 1718 495 1748 ,
529 1677 611 1736 sunt
641 1669 799 1761 ungulae
829 1663 962 1767 quibus
996 1679 1212 1768 torqttermtr
1245 1667 1283 1736 in

318 1785 443 1855 ectdeo
470 1781 572 1881 apud
593 1781 738 1854 Persas.

265 1899 450 1973 Festinato
465 1954 482 1986 ,
506 1913 666 1975 actutum
691 1901 733 1984 ⁶,
759 1903 830 1972 cito
850 1957 865 1985 ,
894 1901 1017 1974 adulto
1034 1957 1049 1986 ,
1079 1915 1114 1974 et
1142 1919 1194 1976 est
1220 1901 1281 1977 ad·
1306 1897 1492 2017 fffflffi³

317 2017 488 2092 verbium.

265 2137 497 2212 Frimurium
516 2194 532 2225 ,
563 2143 708 2236 generis
736 2143 865 2212 neutri.
902 2139 995 2210 Item
1014 2137 1189 2241 fentinint'
1206 2137 1284 2242 fii·

318 2264 448 2332 nntria.

267 2378 440 2450 Fetntiaa
460 2435 476 2464 ,
500 2405 561 2452 res
572 2378 714 2482 foedae
741 2391 775 2451 et
803 2377 971 2452 sordidae
994 2394 1028 2451 et
1050 2383 1284 2482 inquinatissi-

317 2525 423 2585 mae,
448 2525 494 2572 ao
518 2503 697 2573 midieres.

266 2617 587 2721 Faxo,faciam,
612 2625 783 2722 temporis
805 2635 857 2692 est
869 2619 1008 2722 fimat-i.

267 2738 493 2822 Fornioem,
518 2735 727 2812 nweohiam.
753 2740 772 2783 ⁶
1308 2745 1321 2776 ⁸
1346 2747 1419 2794 Μ·
1444 2749 1466 2806 i

1330 2811 1466 2858 matutam.

265 2853 510 2928 Fastidioswn
534 2855 727 2940 renidens,
753 2859 807 2926 vel
828 2881 902 2957 pro
929 2855 1098 2932 adridens
1119 2861 1174 2931 vel
1200 2882 1282 2932 oon·

315 2977 467 3046 seruiens
495 2977 560 3047 ael.
578 2973 708 3048 ridens.
735 2972 914 3046 Renidens
943 2979 1038 3048 enim
1062 2981 1281 3078 plerumque

316 3097 432 3166 vultus
449 3093 583 3168 dict'tw
600 3098 734 3166 laetitia
753 3097 808 3167 ael
825 3098 904 3166 risu
918 3093 1104 3196 profluas.

264 3216 508 3289 Fasudiosum
525 3270 542 3299 ,
571 3238 656 3286 vero
678 3239 751 3314 pro
760 3214 955 3317 fastidiose
981 3215 1079 3288 diu't
1105 3217 1157 3316 (ι)
1171 3272 1187 3301 ,
1217 3242 1279 3290 no

314 3361 396 3408 mea
416 3359 489 3437 pro
515 3331 707 3406 adverbio:
734 3347 773 3404 nt
794 3347 871 3418 est,
897 3347 1108 3436 torvamque
1126 3349 1278 3432 repente

316 3457 456 3526 clamat.

265 3571 414 3643 Futura
431 3574 694 3656 adtumuuur,
712 3574 818 3672 quasi
835 3571 1027 3644 luxurioso
1046 3593 1209 3642 sermone
1227 3573 1279 3640 in·

316 3705 417 3764 certa
435 3690 660 3793 praedicant.

347 3885 387 3958 (ι)
407 3889 488 3941 Dixit
511 3907 602 3960 nempe
617 3891 666 3942 tlte
685 3899 804 3946 auctor,
822 3903 902 3962 quem
925 3887 1026 3959 glossis
1046 3883 1200 3940 scribendis
1218 3901 1269 3940 en·-

270 3975 373 4042 ptauat
392 3971 537 4027 Placidus.

967 4111 1015 4184 30
