3546 5330
537 662 615 758 436
899 689 1143 738 ΡιΑσιυι

349 838 468 962 daedi&
509 840 751 928 Ambronem,
767 841 933 944 perditae
952 845 971 886 ⁴²
990 843 1248 948 improbitatis:
1274 872 1298 917 a
1315 859 1422 943 gente
1443 845 1533 917 Gal-

558 969 679 1037 lorum
705 967 770 1066 qui
797 989 879 1038 cum
908 963 1068 1036 Cimbris
1097 963 1340 1068 Teutonisque
1367 991 1533 1039 crassan-

560 1095 613 1154 tes
634 1085 792 1184 periere.

511 1201 701 1289 Amussis,
726 1205 876 1299 regulae
905 1207 959 1275 vet
980 1201 1123 1276 tabulae
1148 1201 1280 1305 quibus
1300 1217 1451 1276 uttattur
1473 1229 1538 1278 ar-

559 1325 671 1424 tifices
693 1323 744 1396 ad
765 1350 882 1398 saxa:
905 1323 1001 1398 unde
1022 1322 1234 1399 adverbium
1258 1325 1419 1398 dieirnw
1441 1349 1535 1398 exa-

559 1449 712 1516 mussim.

510 1567 703 1664 Agoniae,
728 1569 889 1639 victime
917 1569 972 1639 vel
998 1562 1144 1638 hostiae.
1169 1565 1300 1638 Hona
1324 1579 1444 1638 aedem
1465 1571 1531 1636 mi-

539 1713 655 1790 nor,
681 1691 821 1760 victima
845 1691 987 1771 nmiar,
1012 1691 1100 1787 qnia
1124 1689 1195 1758 icta
1223 1687 1343 1772 cadit,
1369 1690 1424 1758 vel
1443 1691 1531 1788 quia

559 1811 675 1882 venta
693 1805 745 1878 ad
757 1831 843 1880 aras
858 1805 1088 1906 perducitur.
1107 1805 1259 1880 Hostiae
1274 1820 1395 1878 antem
1412 1832 1531 1907 aeque

557 1921 605 1998 ab
622 1923 854 2012 hostimento,
869 1925 960 1996 idest
974 1939 1234 2027 aequamenw,
1260 1929 1314 1998 vel
1329 1923 1431 2028 quod
1447 1925 1531 1998 dee

559 2073 643 2122 rum
663 2057 798 2118 mentes
818 2049 1039 2118 extimentur
1063 2049 1218 2147 iniquae.
1238 2043 1389 2118 Hostiae
1410 2045 1531 2117 dietae

559 2164 606 2238 ab
636 2191 680 2238 eo
710 2165 811 2268 quod
834 2190 906 2264 per
934 2167 1015 2236 tttas
1047 2163 1252 2236 sacerdotes
1268 2162 1408 2264 jutura
1440 2188 1532 2235 rum·

559 2291 663 2361 cient.
689 2284 845 2387 Amiqni
863 2288 970 2356 etiam
985 2288 1203 2384 peregriaos
1223 2297 1258 2355 et
1274 2287 1362 2383 pari
1379 2287 1460 2356 iure
1481 2289 1530 2358 vi-

559 2420 702 2494 ventes,
726 2404 843 2479 hostes
864 2403 1039 2480 diceban.

787 2667 908 2714 sscien
933 2667 993 2715 ren
1018 2637 1046 2714 B
1074 2667 1244 2718 emm.

508 2877 628 2961 Boni,
652 2881 833 2981 aequique
847 2877 985 2980 facere
998 2933 1014 2961 ,
1041 2875 1133 2951 bono
1158 2883 1277 2950 animo
1291 2880 1414 2978 ferre.

338 2997 478 3122 ⁸:3¹3qu
503 2996 658 3082 Biante,
679 3003 882 3099 praecipue
907 2997 926 3040 ‘²
951 3001 1121 3098 loquitur.

505 3116 686 3203 Batiam,
708 3131 840 3219 patera
868 3122 1012 3214 argenti
1029 3118 1080 3189 ad
1101 3117 1385 3218 saerfieandum.

352 3237 367 3268 '¹
384 3242 465 3284 '²¹²³'
506 3235 683 3312 Bibinare
696 3239 739 3326 ⁰,
757 3243 931 3336 sangnine
950 3242 1152 3341 inquinari:
1171 3237 1388 3312 bibinnrium
1406 3251 1528 3310 autem

352 3301 475 3346 habiture·

557 3373 609 3430 est
630 3363 776 3456 sanguis
803 3363 869 3460 qui
888 3356 1100 3430 mulieribus
1125 3363 1315 3432 menstruis
1336 3363 1435 3432 venit.

506 3478 612 3564 Boa,
638 3477 822 3552 vehemens
844 3477 982 3551 rubor:
1009 3478 1190 3551 interdum
1208 3503 1323 3575 genus
1341 3483 1529 3579 serpentis.

505 3597 708 3684 Babnrra,
733 3602 903 3684 stultitia,
928 3603 1071 3699 ineptia.
1496 3587 1499 3592 ⁵

503 3713 731 3800 Bobinator,
756 3721 910 3791 tricosus
935 3731 970 3789 et
997 3722 1208 3790 ineorsstans.

504 3835 662 3919 Barcae,
688 3839 803 3910 calcei
827 3839 987 3908 mutiens
1008 3841 1081 3909 atti.

505 3957 728 4045 Buteonem,
754 3965 925 4033 iuvenem.

508 4077 650 4154 Baiana
666 4135 682 4166 ,
713 4079 921 4183 redemptor
945 4084 1165 4156 cetariarum
1192 4077 1458 4166 tabernarum,
1490 4085 1527 4150 in
