3646 5342
1279 673 1341 724 ΧΠΙ

356 889 382 923 ,,
408 831 549 906 anobis
574 847 711 906 tantum
734 852 808 902 non
831 827 876 900 ab
900 827 1019 901 inieris
1043 829 1232 917 excitatus,
1258 845 1294 904 et
1311 829 1372 904 ati-

357 1010 384 1042 „
409 951 551 1055 quando
584 977 668 1026 cum
696 947 877 1052 philologis
910 947 1230 1024 communicandus.
1259 1005 1285 1040 ,‚
1311 947 1371 1023 Ad

353 1096 442 1172 quae
466 1065 661 1144 Bressiooni
683 1068 787 1142 verbs
812 1064 1034 1142 Busmnnnus
1053 1067 1217 1147 adnotat:
1242 1079 1267 1116 ‘⁴
1295 1094 1371 1142 non

355 1245 381 1280 „
407 1190 606 1290 praestitit3
632 1205 667 1265 et
696 1185 865 1262 Leontius
896 1186 1009 1261 adhuc
1041 1186 1154 1278 latet,
1178 1203 1241 1262 sut
1269 1187 1373 1286 periit

355 1363 381 1398 ‚‚
406 1307 446 1382 in
475 1308 567 1382 bello
598 1307 806 1384 smaksldico
837 1332 919 1382 cum
948 1307 1140 1382 numerosis
1169 1306 1244 1382 aliis
1269 1307 1371 1382 bonis

307 1409 312 1417 ’
354 1483 381 1519 ,,
407 1429 639 1530 sceptoniae.
665 1485 691 1520 ,,
713 1428 788 1504 nm
803 1455 884 1504 vero
899 1427 988 1502 uuo
1005 1427 1129 1502 inens
1143 1426 1369 1504 nonunc-

352 1564 429 1622 tnm
455 1575 573 1650 reapse
599 1563 691 1624 extat
714 1547 808 1648 apud
832 1563 990 1622 nostrum
1013 1547 1156 1620 tertium
1178 1547 1372 1646 mythogm-

352 1669 462 1768 phum
491 1669 531 1743 in
564 1685 712 1744 tractatu
738 1666 1223 1768 X1.§10.si0:gramen
1252 1668 1372 1742 Maru

349 1790 562 1878 dedicatur,
580 1795 669 1894 quio
687 1789 884 1866 secundem
903 1790 1065 1864 Plinium
1083 1792 1123 1860 in
1141 1792 1301 1864 naturate·
1319 1787 1371 1862 1η·-

350 1912 491 1996 uorat,
509 1933 562 1983 ex
589 1907 747 1984 luam
774 1931 911 1984 eruore
931 1919 1164 2009 pmcreotw.
1195 1946 1235 1962 -·
1266 1907 1371 1982 Unde

350 2043 386 2102 et
409 2034 554 2102 romarii
576 2034 687 2104 moris
700 2028 865 2132 fioerat,
890 2054 973 2102 cum
997 2027 1043 2101 de
1069 2052 1114 2100 re
1138 2025 1266 2102 bellico
1289 2053 1372 2126 age-

350 2162 485 2236 retur,
510 2161 547 2222 et
573 2148 694 2222 Maru
719 2149 1020 2250 sacrficarew,
1043 2171 1131 2220 aras
1157 2153 1374 2224 consistere

348 2271 566 2366 granuneos.
592 2263 686 2364 Ergo
705 2265 976 2367 mythogmphus
993 2262 1052 2338 hic
1071 2263 1248 2338 vaticanus
1273 2293 1374 2340 neon·

352 2413 426 2462 nus
452 2403 529 2476 est,
554 2384 756 2462 Brassioano
789 2403 870 2462 ante
903 2412 1014 2460 annos
1046 2400 1220 2459 trecentos
1250 2385 1371 2476 visus,

351 2504 478 2581 deinde
509 2505 674 2606 temporis
704 2507 831 2582 iniuria
858 2507 987 2581 iterum
1015 2505 1167 2578 tenebns
1195 2505 1370 2596 obrutus,

352 2611 450 2698 nuno
480 2650 500 2696 a
530 2651 586 2698 me
615 2624 758 2700 demum
786 2651 851 2724 ope
879 2621 1043 2700 codicum
1068 2623 1307 2699 vaticanorum
1333 2625 1372 2698 in

350 2741 594 2842 sempiternam
627 2743 745 2818 lucem
779 2742 983 2818 vindicatus.
1014 2741 1094 2818 Nisi
1123 2742 1219 2816 enim
1246 2739 1373 2818 Brassi·

350 2889 458 2938 canus
482 2861 623 2940 Leontii
647 2890 777 2938 nomen
805 2864 842 2939 in
871 2863 991 2940 codiee
1020 2891 1084 2938 suo
1110 2863 1277 2954 vidisset,
1308 2864 1372 2967 qui

349 2981 426 3064 fieri
449 2999 583 3082 poterat
608 2999 650 3060 ot
673 2979 864 3058 Leontium
891 2983 991 3057 nobis
1014 2982 1216 3056 occinereti

404 3097 487 3174 Vll.
514 3098 591 3200 Age
617 3127 700 3175 vero
727 3097 916 3175 Leontium
934 3125 1017 3176 oum
1035 3099 1207 3189 dicimus,
1233 3125 1307 3176 non
1333 3099 1372 3174 il-
1445 3130 1486 3221 εἴη
1499 3131 1535 3224 Ξ.

350 3220 426 3294 lum
444 3221 600 3320 proiecto
619 3219 846 3320 intelligimus
861 3218 1051 3296 Leontium
1067 3236 1298 3318 cognomento
1314 3219 1373 3295 Pi·
1449 3241 1535 3286 ius·

349 3339 481 3429 laum,
507 3364 614 3441 quem
638 3339 814 3414 lohannes
835 3336 1022 3414 Boooatius
1046 3339 1084 3412 in
1107 3338 1289 3416 luculento
1309 3368 1373 3416 suo

349 3459 393 3534 de
419 3460 617 3560 genealogie
638 3460 784 3536 deorum
806 3488 909 3562 opere
930 3489 1030 3562 saepe
1055 3460 1138 3536 saoit
1161 3460 1373 3562 loquentem.

350 3579 436 3654 Fuit
462 3580 557 3654 enim
585 3578 753 3656 Leontius
782 3579 942 3672 Pilatus,
967 3598 1009 3656 ut
1036 3581 1084 3654 ait
1109 3578 1292 3658 Boccatius
1318 3611 1372 3684 op.

313 3723 315 3728 ·
352 3698 410 3774 cit.
429 3697 495 3771 lib.
523 3696 604 3774 XV.
632 3699 667 3774 6.
697 3729 730 3802 7.
757 3699 1053 3776 thessalonicensis
1073 3701 1200 3792 homo,
1225 3703 1263 3776 in
1282 3729 1376 3801 groe-

352 3819 402 3892 cis
421 3817 565 3919 quidem
588 3819 711 3894 litteris
735 3819 978 3912 doctissimus,
1003 3821 1065 3894 sed
1089 3821 1203 3896 latinis
1227 3849 1301 3896 non
1325 3851 1375 3896 sa·

352 3939 397 4012 tis
422 3937 622 4016 instructus.
648 3937 756 4016 Hunc
781 3937 965 4016 Boccatius
984 3941 1154 4041 hospitem
1176 3941 1271 4018 domi
1289 3970 1371 4018 suae

351 4059 495 4151 habuit,
523 4089 671 4164 eumque
692 4061 888 4142 Homerum
912 4063 977 4140 sibi
995 4063 1250 4164 pmelegentem
1269 4063 1374 4138 trien·
