3666 5338
547 649 588 714 52
829 639 1198 714 MYTHOGRAPHUS
1228 645 1254 709 1.

573 805 633 874 add·
663 807 797 872 Sociorum
823 806 966 862 Diomedis.

554 925 722 1040 Diomedis
745 986 831 1039 socios
856 995 960 1040 constat
977 984 1005 1038 in

539 1087 601 1124 aves
619 1087 675 1126 esse
692 1087 829 1126 conversos
849 1081 910 1141 post
928 1070 1004 1124 ducis

539 1158 583 1212 aui
600 1158 754 1216 interitum,
767 1176 846 1229 queru
860 1158 1007 1213 extinctum

540 1245 710 1318 impatienter
728 1246 864 1300 dolebant·
882 1247 937 1300 Eae
949 1263 1009 1301 ares

537 1333 671 1406 hodieque
686 1335 769 1388 latine
789 1335 941 1390 diomedeae
958 1355 1007 1390 vo-

539 1432 651 1476 cantur.
671 1423 767 1476 Graeci
786 1423 910 1478 herodios
932 1422 1005 1477 dixe-

538 1518 612 1560 runt.
634 1507 766 1564 Habitant
786 1522 873 1564 autem
896 1510 1006 1563 insulam

540 1593 702 1649 Electridem
720 1597 776 1650 sive
794 1598 918 1655 Febrem.
937 1613 1007 1667 quae

538 1685 657 1738 esthaud
669 1686 745 1754 longe
753 1705 767 1738 a
775 1685 899 1741 Calabria
910 1687 938 1740 in
948 1704 1006 1740 eon·

538 1783 630 1842 spectu
647 1775 796 1828 tarentinae
822 1774 939 1827 civitatis
950 1773 1004 1842 (ι).

539 1857 610 1927 Quin
622 1870 649 1912 et
669 1861 702 1913 de
716 1861 758 1914 his
780 1860 873 1914 avibus
891 1859 1005 1917 dieitur.

503 2003 506 2025 t
539 1947 611 2015 quod
625 1950 724 2016 graecis
739 1947 852 2004 navibus
867 1949 951 2002 laetae
963 1966 1005 2001 oe·

538 2049 662 2094 currant.
680 2037 778 2090 latinas
791 2037 957 2091 vehementer
967 2036 1005 2088 lu·

540 2125 632 2192 giant.
649 2143 774 2181 memores
792 2127 903 2194 originis
915 2143 985 2178 suae.

607 2305 664 2368 rid·
683 2303 722 2354 De
742 2301 846 2354 Euboea
866 2303 951 2356 insula

553 2399 579 2442 et
598 2389 703 2459 Nauplo
722 2389 867 2442 Palamedis
886 2403 969 2461 patre.

519 2569 524 2584 '
573 2509 706 2622 Euboea
728 2567 812 2620 insula
827 2581 881 2624 est.
902 2570 928 2622 in
950 2589 1003 2640 qua

536 2668 610 2704 mons
634 2654 803 2726 caphareis.
830 2655 900 2708 circa
927 2675 1004 2726 quem

538 2739 634 2793 Graeci
647 2743 748 2812 periere
760 2725 921 2810 'naufragi03
941 2747 1005 2814 quia

538 2827 657 2899 Nauplus
680 2829 826 2882 Palamedis
853 2841 927 2900 poter
955 2832 1005 2886 do-

537 2913 594 2968 lena
611 2916 694 2969 lilium
712 2935 788 2970 suum
806 2918 921 2972 factione
938 2937 1005 2971 mor·

539 3015 636 3061 tuum,
670 3023 728 3056 cam
756 3005 866 3058 vidisset
892 3008 1004 3060 Graecos

537 3103 694 3165 tempestate
720 3093 857 3150 laborare,
889 3106 1003 3148 montem

539 3183 702 3253 Caphereum
723 3185 855 3241 ascendit,
881 3195 908 3236 et
934 3185 1002 3238 elata

539 3268 625 3322 iacula
646 3271 749 3338 signum
764 3271 839 3323 dedit
852 3271 933 3324 vicini
944 3290 1003 3342 por·

539 3369 594 3412 tus.
615 3361 701 3430 Quare
719 3359 824 3430 decepti
842 3371 904 3413 suut
923 3360 1004 3413 Grae-

540 3448 582 3505 ci,
600 3461 627 3502 et
645 3449 713 3502 inter
735 3446 888 3516 aslrerrimos
912 3463 1004 3516 scopa·

538 3534 576 3587 los
594 3535 760 3604 naufragium
782 3533 956 3604 pertulerunt-

613 3707 672 3773 145.
696 3711 733 3761 De
753 3711 804 3761 alia
827 3709 932 3764 Euboea

623 3808 650 3849 et
671 3798 764 3851 Cumis
784 3801 903 3854 civitate.

575 3919 709 4028 Euboea
727 3977 787 4028 item
802 3978 885 4028 insula
897 3990 951 4034 est,
971 3977 1002 4028 ale

566 4074 605 4139 (ι)
622 4081 710 4122 Servius
728 4080 755 4122 ad
772 4088 825 4124 Aen·
843 4087 883 4126 xl.
900 4091 954 4138 271.

563 4156 601 4218 (2)
620 4162 694 4214 Κῡμα
714 4174 791 4214 graece
810 4163 892 4217 suetos
918 4165 983 4201 reteri

1060 808 1135 862 euius
1154 809 1265 864 civitate
1282 805 1410 862 Chalcide
1430 807 1527 878 proiec-

1060 896 1082 949 ti
1101 909 1165 951 sunt
1185 899 1219 950 ad
1240 915 1319 951 novas
1340 898 1414 951 sedes
1441 915 1527 967 quae·

1059 985 1167 1039 rendae:
1188 984 1299 1039 etlraud
1319 985 1395 1054 longe
1417 1002 1432 1037 a
1451 987 1525 1042 baiis

1061 1070 1071 1142 (
1081 1071 1129 1143 qui
1148 1073 1249 1126 locuaa
1268 1073 1340 1128 socio
1358 1072 1445 1126 Ulixis
1461 1073 1526 1128 Raio

1063 1162 1118 1215 illic
1133 1162 1235 1234 sepulto
1248 1179 1340 1216 nomen
1357 1161 1476 1235 accepit)
1488 1162 1528 1215 in-

1063 1263 1190 1305 venerunt
1205 1267 1316 1305 vacuum
1335 1251 1415 1305 litua:
1433 1249 1481 1302 ubi
1491 1251 1527 1304 vi·

1059 1353 1087 1388 sa
1117 1335 1226 1390 muliere
1245 1339 1372 1408 gravida.
1391 1337 1527 1391 civitatem

1061 1423 1250 1489 condiderunt3
1263 1443 1332 1495 quae
1341 1423 1526 1478 resleeuudam

1061 1511 1217 1566 ostendebat
1242 1530 1295 1566 rem
1321 1513 1472 1586 publicam3
1498 1523 1527 1568 et

1061 1615 1116 1648 eam
1137 1597 1233 1651 Cumas
1258 1609 1403 1656 vocarant.
1429 1598 1485 1652 sire
1511 1617 1526 1651 a

1060 1698 1236 1755 praegnante.
1256 1686 1313 1740 sire
1332 1684 1471 1738 abundis.
1491 1682 1531 1756 (a)

1131 1860 1189 1926 ¹46·
1210 1861 1334 1929 Meleagri
1354 1872 1381 1915 et
1396 1861 1490 1916 Oenei.

1097 1979 1243 2095 Oeneus,
1254 2050 1329 2108 pater
1340 2036 1427 2105 Tydei
1437 2045 1464 2088 et
1473 2037 1528 2090 Me·

1060 2128 1158 2193 leagri.
1183 2128 1339 2180 Parthaonis
1358 2125 1429 2178 lilius
1448 2162 1454 2182 .
1481 2141 1526 2178 rer

1060 2213 1195 2270 Aetoliae,
1214 2216 1290 2266 cuius
1310 2212 1404 2264 civitas
1423 2223 1463 2264 est
1478 2212 1527 2265 Ca-

1057 2300 1138 2367 lydon
1152 2299 1324 2354 nobilissima.
1340 2299 1388 2351 llio
1399 2316 1526 2352 summam

1060 2398 1217 2458 potestatem
1237 2391 1308 2455 regni
1337 2387 1379 2440 sui
1406 2387 1527 2442 turbavit

1058 2477 1217 2544 negligentia
1232 2493 1373 2530 sacrarum.
1385 2475 1481 2528 Annua
1491 2478 1526 2528 si·

1059 2565 1165 2634 quidem
1185 2575 1248 2618 vota
1264 2582 1311 2635 pro
1328 2562 1433 2632 imperii
1452 2562 1526 2615 lruc·

1058 2653 1132 2705 tibus
1147 2651 1296 2708 celebrans,
1314 2666 1408 2701 numen
1424 2648 1525 2702 Dianae

1059 2739 1228 2810 contempsit:
1248 2747 1353 2808 propter
1380 2735 1456 2788 cuius
1481 2737 1526 2790 ni-

1059 2828 1137 2879 miam
1159 2825 1365 2892 indignationem
1386 2841 1526 2892 oppressus

1058 2929 1112 2980 ost3
1133 2928 1164 2970 ut
1181 2915 1316 2970 videretur
1334 2929 1421 2965 omnes
1441 2911 1525 2982 placa-

1058 3021 1150 3064 turus.
1167 3008 1189 3058 si
1204 3005 1275 3057 illam
1289 3003 1370 3058 solam
1381 3005 1524 3060 adorasset.

1057 3097 1095 3147 Ea
1114 3108 1205 3164 aprum
1225 3107 1340 3146 summae
1361 3092 1524 3159 magnitudi-

1057 3183 1099 3234 nis
1112 3182 1212 3248 regioni
1231 3179 1355 3242 immisit;
1375 3179 1422 3248 qui
1439 3190 1525 3234 vasta·

1057 3282 1098 3323 tor
1120 3269 1283 3338 Calydoniae
1305 3281 1389 3322 terrae
1406 3268 1440 3321 ab
1459 3267 1526 3321 urbe

1058 3359 1142 3426 gentis
1154 3369 1194 3411 est
1205 3357 1361 3428 appellatus.
1382 3355 1464 3408 Cuius
1474 3355 1526 3409 Oe·

1058 3465 1122 3501 neus
1142 3445 1248 3499 feritate
1268 3444 1380 3501 fractus,
1408 3443 1525 3498 edictum

1058 3537 1110 3588 tale
1125 3533 1278 3606 proposuit.
1292 3543 1323 3582 ut
1334 3530 1472 3582 dimidiam
1486 3548 1524 3584 re·
1570 3591 1573 3599 Ι

1056 3624 1100 3692 gni
1120 3632 1220 3692 partem
1240 3630 1360 3690 caperet.
1378 3617 1426 3688 qui
1447 3635 1523 3670 mon·

1056 3724 1138 3764 strum
1150 3707 1329 3763 interemisset·
1341 3706 1463 3774 Meleagri
1473 3707 1524 3760 vir·

1056 3813 1098 3854 tus
1116 3799 1261 3872 periculum
1281 3817 1332 3851 non
1347 3795 1465 3867 expavit.
1486 3795 1524 3847 Si·

1058 3891 1165 3959 quidem
1187 3890 1242 3958 ipse
1261 3887 1318 3939 eius
1346 3885 1416 3938 filius
1439 3882 1522 3936 undi-

1057 3997 1108 4045 que
1137 3979 1299 4028 iuventutem
1327 3973 1461 4026 collectam
1489 3970 1523 4022 ad

1064 4093 1111 4133 est,
1130 4086 1230 4140 itemque
1246 4079 1319 4122 unda.
