3606 5356
538 637 618 736 454
903 659 1140 710 neum
1230 695 1235 702 -

511 817 731 904 Delibuttts,
756 831 909 903 attolus,
935 827 1127 890 contactus.

512 937 820 1042 Dfimctorium,
845 933 1023 1036 estquod
1046 934 1180 1008 dicitur
1199 937 1252 1006 vel
1263 935 1337 1032 fit,
1362 950 1401 1008 ut
1419 936 1469 1008 ad
1479 938 1528 1037 fi-

563 1083 645 1132 nem
670 1059 824 1154 alicuius
849 1059 906 1128 rei
930 1067 995 1127 aut
1019 1058 1210 1128 terminum
1229 1067 1372 1155 spectet.

512 1179 699 1282 Defimgi,
724 1181 818 1252 emim
830 1178 946 1277 smbe
970 1175 1167 1273 signficat,
1193 1173 1287 1248 smde
1305 1173 1351 1248 de
1377 1179 1528 1250 morien-

563 1297 658 1372 tibus
682 1297 841 1372 dicimus.

512 1417 726 1494 Delibutum
744 1473 759 1504 ,
793 1416 944 1491 dicimus
983 1412 1162 1488 bominem
1199 1427 1347 1490 tamtum
1377 1418 1457 1488 oleo
1489 1429 1530 1487 ut

563 1534 718 1610 athletae
743 1537 879 1619 solent,
904 1537 959 1608 vel
990 1537 1029 1606 in
1060 1545 1241 1608 ceromate
1270 1537 1399 1633 pueris
1423 1557 1531 1606 exer-

565 1659 644 1730 ceri
661 1653 833 1727 dicimus:
861 1666 896 1723 et
912 1650 1111 1726 delibutum
1128 1649 1263 1750 getulio
1274 1705 1290 1737 ,
1314 1652 1356 1723 id
1372 1665 1425 1724 est
1445 1678 1531 1754 per-

552 1771 686 1872 fiaum
711 1775 765 1846 vel
785 1774 943 1872 plemtm

515 1889 667 1978 Duna's,
688 1914 762 1993 pro
780 1885 974 1962 arboribus
994 1891 1048 1960 vel
1064 1891 1159 1962 sdois
1179 1892 1397 1990 plerumque
1414 1892 1531 1990 spino-

468 2000 479 2039 *
567 2017 616 2086 sis
640 2025 675 2086 et
700 2009 863 2086 obscuris
884 2013 1044 2112 ponitur.
1337 2094 1342 2106 Ι

515 2133 709 2234 Decrepiti
722 2185 738 2216 ,
762 2153 835 2204 non
859 2133 926 2230 qui
949 2154 973 2200 a
998 2139 1179 2202 senectedc
1203 2131 1315 2200 avulsi
1339 2141 1446 2214 suat,
1470 2127 1536 2200 sed

566 2255 633 2356 qui
657 2255 730 2324 iam
756 2273 912 2353 crepare
942 2247 1111 2324 desierbst
1130 2304 1147 2335 ,
1180 2247 1220 2322 id
1249 2261 1302 2322 est
1331 2251 1433 2348 loqzsi
1461 2271 1534 2322 ces·

566 2375 734 2446 moerim.

513 2491 681 2566 Dubium
705 2495 818 2592 quin,
844 2491 1023 2592 namquid
1046 2487 1204 2563 dsebium.

515 2612 808 2712 Dryocolaptes,
834 2614 909 2682 avis
933 2613 1086 2712 quaein
1107 2613 1225 2710 capite
1243 2633 1309 2682 suo
1336 2614 1372 2681 in
1392 2608 1535 2682 modam

563 2732 654 2824 galli
678 2732 825 2802 cristam
849 2724 980 2812 habet,
1005 2752 1101 2828 quoe
1119 2751 1185 2800 ore
1203 2753 1268 2800 suo
1287 2725 1457 2802 arborem
1469 2725 1533 2828 so

564 2846 689 2931 dtas,
714 2843 846 2918 ibidem
870 2843 939 2918 sibi
963 2843 1087 2918 nidum
1099 2843 1208 2945 facit.

514 2965 693 3066 Diploso,
718 2965 829 3039 divisa
855 2968 909 3038 vel
932 2979 1109 3066 separata.

514 3085 675 3172 Dividit,
701 3085 806 3158 dedit.

514 3205 694 3281 Deciditis
708 3261 724 3292 ,
750 3205 878 3280 caditis
903 3209 957 3279 vel
981 3205 1144 3280 inciditis

514 3324 738 3406 Demdantur
751 3381 766 3412 ,
778 3323 1004 3426 frequemer
1029 3323 1171 3398 dantur.

514 3444 751 3547 Dispercite,
775 3457 942 3546 separate
968 3447 1021 3516 vel
1045 3449 1228 3542 seimsgite.

515 3563 659 3638 Dididit
672 3620 687 3650 ,
713 3563 905 3664 dispersit,
930 3563 1141 3662 divulgavit.-
1169 3579 1232 3652 ut,
1256 3579 1320 3640 bea
1345 3570 1455 3642 terris
1484 3562 1536 3640 di·

567 3683 642 3758 dita
654 3683 774 3786 fonsa.

516 3804 741 3890 Deciscere,
775 3803 974 3888 desentire,
1001 3807 1055 3877 vel
1081 3831 1104 3876 a
1128 3811 1317 3906 proposito
1347 3809 1500 3884 alienari
1516 3865 1533 3898 ,

569 3928 623 3997 vel
648 3929 797 4020 seizmgi.
959 4015 963 4019 .

517 4044 709 4130 Dirioata,
736 4044 871 4142 digesto
898 4048 952 4123 vel
975 4060 1152 4148 separata.
