3628 5336
495 643 561 708 218

469 813 551 867 tirone
562 813 642 867 misso
652 815 779 866 betonem
792 829 962 884 persequere-

468 912 527 956 tur.
540 902 617 954 terris
631 899 870 970 omnibusexpulsa
881 935 888 956 .
900 911 961 952 ten·

469 991 528 1042 dein
542 990 687 1060 aliquando
703 989 737 1040 ab
751 989 903 1060 applicante
917 989 960 1058 (r)

470 1097 498 1131 se
519 1079 642 1132 litoribus
659 1096 746 1134 sorore
763 1089 886 1148 suscepta
900 1088 960 1132 est.

469 1181 496 1220 et
507 1169 560 1220 illic
571 1169 683 1221 Dianam
694 1169 790 1238 primo,
808 1178 867 1238 post
876 1165 961 1239 Apol·

468 1255 550 1308 linem
565 1255 681 1325 peperit3
697 1255 743 1323 qui
759 1255 852 1308 statim
866 1255 962 1324 Pytlto·

470 1361 504 1396 ne
520 1345 620 1400 occiso.
638 1343 710 1396 ultus
727 1344 819 1396 matris
836 1343 961 1396 iniuriam

470 1445 522 1484 est.
542 1436 609 1485 Sene
623 1443 686 1485 neta
700 1434 785 1484 Diana
800 1431 962 1503 parturienti

472 1521 621 1590 Apollinem
651 1520 728 1572 pratri
755 1519 855 1572 dicitur
884 1536 965 1590 pree·

471 1609 563 1660 buisse
575 1608 728 1664 obstetricis
742 1609 866 1660 officinm·
886 1607 963 1660 Unde

472 1717 531 1751 erim
556 1700 642 1752 Diana
662 1700 698 1753 sit
721 1700 796 1762 virgo
813 1733 820 1754 .
839 1707 927 1750 tamen
948 1715 965 1748 a

473 1789 686 1859 parturientibus
717 1789 865 1840 invocatur.
895 1787 965 1838 llaec

473 1891 602 1942 namque,
622 1873 765 1927 secundum
782 1891 834 1926 aon
850 1889 966 1942 paucas.

473 1971 514 2011 est
529 1959 614 2014 illane
632 1963 697 2014 luno
710 1959 875 2030 Proserpina·
894 1959 965 2011 itata

475 2047 558 2111 igitur
575 2051 685 2102 numina
704 2061 799 2102 terrain
818 2045 871 2100 ribi
890 2057 966 2099 nata·

475 2140 526 2190 lain
547 2155 635 2190 errare
650 2157 704 2190 non
721 2155 799 2208 pasta
818 2148 899 2193 surtt.
918 2135 965 2188 sed

475 2243 532 2279 earn
546 2225 652 2281 duabus
672 2226 766 2278 insulis
781 2225 968 2288 religaverunt·

476 2313 585 2368 Veritas
600 2333 661 2366 vero
675 2315 751 2380 louge
766 2313 877 2364 aliaest·
898 2312 965 2364 bara

477 2403 542 2456 lnce
562 2404 719 2456 insularum
741 2411 909 2456 terraemotu
929 2401 967 2450 la·

476 2493 598 2552 boraret.
617 2493 666 2563 qui
682 2494 713 2550 lit
724 2492 775 2544 sub
790 2493 869 2546 terris
883 2488 970 2542 labea-

476 2581 549 2637 tibus
560 2582 599 2656 (u)
608 2583 693 2636 ventis
704 2619 710 2640 .
721 2583 828 2636 oracula
839 2581 970 2652 Apollinis

477 2687 564 2728 terrae
574 2687 647 2730 motu
661 2674 756 2726 caruit·
776 2673 843 2726 llam
861 2688 971 2742 praece-

475 2767 518 2835 pit
535 2782 568 2818 ne
587 2764 642 2817 illie
661 2774 781 2816 mortuus
800 2761 970 2832 sepeliretur,

475 2862 504 2902 ct
525 2851 603 2904 iussit
622 2851 754 2920 quaedam
770 2849 901 2902 sacrificia
922 2849 970 2900 fie-

478 2938 511 2988 ri.
531 2937 625 2992 Postea
645 2955 661 2992 e
686 2939 799 3005 Mycone
825 2935 970 3003 Gyaroque

477 3025 573 3078 vicinis
595 3025 688 3078 insulis
711 3021 803 3096 papuli
825 3031 971 3079 venerunt.

477 3116 525 3183 qni
549 3121 607 3167 cani
629 3125 760 3168 tenerent·
780 3111 857 3180 Quod
881 3122 971 3163 eutem

477 3201 564 3256 Diona
587 3203 662 3272 prius
684 3210 749 3252 nata
773 3209 835 3254 est,
859 3197 971 3252 rationis

477 3301 526 3344 est·
545 3291 613 3344 llam
625 3298 730 3342 constat
740 3289 853 3358 primum
867 3297 971 3340 norum

478 3375 577 3433 luisse.
600 3375 677 3427 cuius
703 3374 909 3427 instrumentum
931 3384 972 3426 est

479 3464 542 3518 luno
554 3464 595 3518 vel
606 3463 708 3515 Diana:
722 3473 781 3532 post
790 3461 875 3518 diem,
890 3478 971 3530 quera

478 3555 517 3608 sol
527 3553 623 3612 efficit.
637 3552 685 3624 qui
700 3551 854 3622 estilpollo.
874 3549 911 3603 Ut
922 3567 969 3602 au-

479 3653 532 3697 tem
555 3643 632 3695 Delos
654 3643 739 3713 primo
761 3639 873 3708 Ortygia
894 3638 969 3693 dice-

479 3745 552 3786 retur
572 3735 662 3786 lictum
683 3730 782 3782 dicitur
800 3748 815 3780 a
833 3731 969 3783 coturnice

479 3837 550 3894 quee
571 3837 645 3890 grece
670 3819 747 3895 ὄρτυξ
770 3819 850 3894 μικροὶ
875 3821 969 3890 appel·

478 3909 558 3962 latur·
587 3909 664 3961 Delos
683 3907 748 3978 quio
776 3907 823 3958 diu
842 3906 923 3960 latuit
942 3915 971 3960 et

522 4033 563 4104 (r)
581 4040 617 4082 sie
632 4037 768 4081 emendetur
785 4055 809 4097 p·
828 4033 864 4088 ri·

691 591 1064 713 irrruocnrruus
1089 647 1286 717 acinus

1019 825 1110 884 pastea
1122 819 1261 890 apperuit:
1271 837 1331 874 auru
1342 825 1417 884 δῆλον
1427 823 1513 876 Grae·

1018 906 1043 957 ci
1067 909 1232 964 manifestum
1251 911 1358 967 dieunt:
1378 914 1420 968 rel
1437 909 1512 982 qnod

1018 999 1106 1050 verius
1126 1009 1256 1070 putatur.
1279 1001 1345 1070 quie
1362 1019 1422 1054 euru
1445 999 1513 1054 alibi

1018 1085 1149 1158 Apollinis
1164 1105 1287 1160 responsa
1302 1089 1402 1144 luerint
1417 1087 1512 1145 obscu-

1018 1189 1068 1231 re,
1087 1174 1228 1229 menifeste
1243 1174 1282 1228 ibi
1303 1175 1437 1231 dabantur
1457 1191 1512 1230 ore·

1018 1260 1088 1312 cula.

1053 1351 1079 1414 l·
1093 1349 1240 1422 Apollinem
1250 1351 1332 1405 etiem
1346 1357 1517 1424 poetaenon·
1590 1375 1593 1381 ·

1019 1455 1165 1508 numquam
1187 1451 1324 1510 pereateru
1345 1439 1457 1494 dicunt,
1483 1435 1513 1489 id

1020 1537 1061 1580 est
1072 1529 1189 1580 omnium
1207 1541 1351 1582 creatorem
1366 1565 1373 1586 .
1392 1525 1458 1597 quia
1472 1525 1516 1578 ri-

1020 1615 1117 1670 ‹lelicet
1137 1617 1267 1688 quicquid
1290 1620 1316 1670 ia
1336 1628 1407 1670 terre
1422 1615 1464 1670 vel
1486 1612 1516 1666 in

1021 1706 1087 1756 meri
1102 1707 1238 1762 nuscitur.
1256 1715 1383 1776 operante
1395 1703 1457 1757 salis
1470 1718 1513 1754 ce·
1582 1729 1584 1732 ·

1021 1792 1075 1844 lore
1088 1804 1249 1862 procreatur.
1267 1791 1387 1844 Eundem
1407 1800 1514 1845 temen.

1021 1897 1080 1932 cum
1109 1893 1146 1934 sit
1175 1892 1267 1951 pater.
1288 1878 1429 1934 imberbem
1448 1877 1513 1950 piu·

1022 1978 1104 2034 gunt,
1119 1968 1184 2036 qnia
1198 1967 1309 2032 singulis
1322 1965 1418 2020 diebus
1428 1981 1517 2018 renes·

1022 2055 1105 2108 centio
1119 2055 1197 2124 quasi
1216 2055 1303 2108 iunior
1314 2054 1446 2108 videatur·
1465 2051 1516 2104 Sed

1022 2153 1050 2194 et
1071 2141 1207 2199 Phoebus.
1236 2142 1262 2192 id
1286 2152 1328 2196 est
1345 2157 1446 2196 novur.
1464 2157 1516 2193 va-

1025 2242 1121 2292 cetur;
1150 2232 1190 2282 vel
1217 2231 1283 2298 <pris
1311 2247 1401 2282 resera
1425 2227 1467 2282 eol
1487 2228 1516 2280 ia

1027 2330 1087 2370 ortu
1099 2337 1147 2370 suo
1161 2317 1260 2370 cotidie
1274 2333 1358 2370 novus
1373 2323 1519 2388 appaream

1026 2405 1067 2456 tel
1085 2403 1151 2474 quia
1169 2403 1312 2456 secuudum
1328 2402 1464 2473 epicureus
1482 2398 1517 2450 de
1580 2395 1583 2402 '

1026 2495 1124 2547 rtouris
1143 2503 1281 2550 eonstrre.
1302 2501 1332 2546 et
1349 2489 1449 2544 cotidie
1466 2503 1519 2542 ae-

1027 2581 1085 2640 sci.
1099 2582 1201 2636 cotidie
1212 2583 1312 2652 perire.
1326 2579 1458 2634 tradatur.
1476 2577 1519 2630 Iu·
1624 2569 1627 2576 '

1029 2682 1121 2728 tonsus
1144 2672 1284 2744 pingitur.
1306 2669 1371 2740 quie
1396 2667 1520 2740 aequales

1028 2763 1105 2815 ranis
1123 2759 1246 2814 omnibus
1267 2758 1358 2812 radios
1375 2757 1519 2810 ministrat.

1027 2851 1137 2904 Dicitur
1154 2859 1181 2904 et
1198 2847 1347 2902 auricomus
1366 2865 1381 2898 e
1399 2845 1521 2918 splendu-

1026 2957 1054 2994 re
1074 2955 1169 3000 anre03
1191 2937 1309 3006 itemque
1325 2932 1482 3002 sagittarius
1502 2949 1518 2983 e

1028 3026 1172 3080 iaculorum
1188 3024 1285 3081 radiis.
1304 3019 1403 3093 quibus
1416 3035 1520 3074 amnem

1025 3125 1151 3188 penetrat
1168 3113 1307 3166 mundaru-
1334 3109 1410 3163 llurrc
1429 3108 1520 3181 plrilo·

1024 3205 1102 3277 sopiri
1126 3215 1153 3256 et
1179 3207 1274 3273 poetae
1298 3217 1370 3253 nanc
1396 3197 1521 3269 praipsu

1026 3293 1080 3348 tole
1096 3328 1103 3349 ‚
1122 3307 1193 3344 nunc
1211 3307 1259 3360 pro
1277 3287 1382 3355 augurii
1401 3287 1456 3341 sire
1474 3302 1521 3338 sa-

1025 3379 1143 3451 pientiae
1170 3377 1227 3430 sire
1256 3374 1417 3428 medicorum
1443 3371 1516 3426 deo.

1025 3485 1096 3521 nunc
1107 3486 1155 3538 pro
1165 3467 1316 3518 divinatore
1327 3462 1432 3531 eliqua.
1447 3475 1519 3512 arrae

1026 3573 1073 3626 pro
1093 3553 1149 3624 ipso
1162 3551 1279 3608 muricia,
1299 3565 1369 3602 nrrnc
1388 3565 1435 3618 pro
1447 3563 1519 3616 quo-

1026 3642 1091 3696 libet
1106 3639 1220 3710 cupienti
1235 3637 1308 3691 viro.
1322 3651 1392 3688 nunc
1403 3651 1452 3704 pro
1464 3633 1517 3683 bu-

1026 3749 1118 3784 rnanae
1134 3728 1206 3780 vocis
1220 3723 1400 3780 modulatione
1419 3735 1516 3792 ponere

1026 3825 1228 3870 consueverunt·
1247 3813 1278 3866 lo
1288 3811 1369 3864 buius
1380 3810 1461 3862 etlatu
1475 3819 1517 3857 tu·

1026 3905 1106 3959 telam
1130 3903 1232 3954 laurum
1258 3895 1420 3951 ascribunt:
1447 3891 1518 3946 uude

1064 4033 1103 4098 (r)
1123 4025 1264 4078 strenuitas
1280 4043 1307 4090 p.
1326 4023 1362 4082 tl.
