3638 5332
578 639 657 736 413

683 841 995 946 otnossut
1041 843 1413 944 MARTIALIS

846 1037 1257 1116 nunou1s

810 1234 875 1288 stu
901 1233 1078 1288 mrem
1106 1233 1155 1286 EX
1183 1234 1300 1288 roms

602 1559 617 1604 ι
646 1440 880 1610 Malorum
905 1555 1031 1630 genera
1056 1545 1140 1604 aunt
1164 1529 1274 1604 multa
1302 1586 1315 1620 ,
1340 1547 1458 1604 umen
1484 1527 1558 1602 dno

541 1680 687 1754 sapores.
700 1651 832 1728 Dulcia
844 1651 903 1724 vix
917 1667 1107 1749 egenmtur
1122 1705 1134 1740 ,
1153 1649 1279 1749 flegma
1291 1651 1457 1726 nutriunt
1472 1707 1483 1740 ,
1497 1649 1559 1723 tel-

541 1773 586 1846 lin
610 1772 770 1846 ardorem
795 1785 963 1858 movent,
990 1769 1188 1842 inflationes
1213 1769 1348 1842 faciunt
1367 1827 1378 1860 ,
1397 1770 1555 1870 quamvis

544 1891 689 1968 humida
710 1908 745 1964 et
770 1888 897 1987 frigida
920 1889 993 1962 sint
1013 1891 1077 1990 (a).
1108 1887 1220 1963 Cocta
1245 1889 1405 1964 obvoluta
1434 1891 1482 1992 (b)
1511 1891 1559 1962 fa·

541 2013 620 2086 rina
646 2011 761 2086 cineri
796 2009 879 2082 trita
896 2007 1080 2082 oculorum
1099 1993 1252 2082 tumore·
1271 2008 1408 2084 tollunt

599 2157 621 2204 a
649 2127 749 2204 Mala
775 2127 875 2201 acida
893 2143 929 2201 et
946 2141 1081 2199 matura
1107 2126 1270 2200 omnibus
1296 2125 1477 2200 commoda
1494 2180 1506 2214 ,
1525 2143 1562 2199 et

541 2247 632 2324 benc
651 2247 869 2346 digeruntru.
887 2243 982 2318 Sunt
1000 2261 1035 2318 et
1053 2247 1198 2342 agrestia
1210 2245 1299 2318 mah
1312 2275 1401 2347 quae
1418 2243 1560 2320 restrin-

543 2383 641 2464 grmt.
664 2361 775 2439 Cocta
800 2365 891 2436 bene
915 2362 1132 2460 digenmtur.
1158 2359 1277 2438 Sucua
1303 2390 1427 2440 eorum
1450 2362 1561 2463 mapi—

543 2487 644 2560 rioeie
657 2485 807 2586 prodest.

599 2605 621 2676 3
648 2600 824 2702 Pyron-um
841 2616 966 2672 natura
985 2599 1140 2699 styptica
1162 2597 1301 2674 Genera
1318 2616 1401 2675 aunt
1419 2599 1553 2680 multa:

545 2719 716 2822 quaedam
734 2719 856 2809 acida,
875 2718 1047 2818 quaedam
1063 2718 1240 2809 dulciora,
1260 2720 1433 2821 quaedam
1449 2737 1559 2794 auste-

545 2867 593 2916 ra.
612 2837 726 2911 Acida
746 2838 875 2910 habent
898 2835 1032 2937 aliquid
1057 2836 1205 2914 caloris:
1230 2836 1326 2912 unde
1352 2838 1558 2938 plerumque

544 2957 736 3031 dissolvunt
754 2957 971 3030 stomachum
990 2957 1228 3031 inhaerentem
1251 2957 1405 3056 flegmati
1427 2958 1557 3032 denaia·

546 3079 646 3152 simo.
666 3074 797 3150 Dulcia
815 3133 826 3165 ‚
845 3105 933 3176 quae
952 3094 1035 3150 eunt
1052 3093 1177 3177 aquata
1195 3094 1231 3150 et
1248 3077 1359 3152 eoluu
1381 3133 1392 3166 ‚
1411 3077 1503 3150 nihil
1522 3077 1561 3150 in

543 3225 581 3271 ae
599 3224 714 3297 neque
734 3195 853 3294 frigidi
872 3222 986 3296 neque
1006 3196 1111 3270 calidi
1130 3197 1314 3271 continent
1331 3199 1391 3298 (c).
1405 3195 1460 3270 Ex
1478 3197 1555 3298 qui·

544 3319 610 3390 hue
628 3315 773 3414 singulis
790 3375 800 3406 ‚
820 3345 883 3416 pro
908 3316 1116 3392 discretione
1143 3343 1261 3391 rerum
1287 3334 1322 3392 et
1348 3317 1548 3392 necessitate

546 3463 756 3525 causarum,
784 3435 977 3509 ordinanda
996 3437 1103 3510 etiam
1127 3454 1211 3510 sunt
1227 3437 1381 3510 subsidia
1399 3436 1560 3510 medella·

543 3583 633 3630 rum
653 3555 801 3629 Austera
820 3572 855 3628 et
874 3556 973 3629 acida
991 3557 1166 3631 stomacho
1187 3556 1401 3630 conveniunt
1423 3613 1434 3646 ,
1458 3557 1555 3630 sitim

544 3692 708 3752 movent:
728 3675 844 3748 dulcia
864 3677 981 3748 onmia
1000 3677 1186 3750 contraria.
1205 3674 1299 3748 Ante
1320 3677 1442 3749 cibum
1458 3701 1554 3748 aurn-

544 3813 602 3896 pta
620 3813 776 3866 ventrem
795 3795 971 3891 stringunt
992 3826 1003 3890 3
1029 3813 1106 3894 post
1132 3795 1251 3868 cibum
1274 3811 1432 3867 ventrem
1455 3795 1558 3870 read-

548 3931 665 3987 runt.

580 4086 619 4148 (a)
634 4087 689 4134 cod·
700 4093 725 4129 Α.
737 4090 792 4142 qnia
804 4089 838 4126 cis
851 4083 948 4128 hus-aida
957 4085 1084 4144 etsrr'pda
1093 4095 1139 4130 est.
1179 4079 1219 4146 (b)
1236 4084 1293 4130 Cod-
1304 4085 1468 4129 mamhra
1476 4093 1499 4128 ἐι

549 4172 610 4210 riu·
642 4164 680 4226 (e)
696 4161 773 4213 ceder
789 4169 886 4219 uterque
904 4176 979 4220 neque
988 4161 1103 4224 frigidae
1118 4177 1196 4223 aequa
1212 4161 1310 4207 uttan
1328 4167 1459 4207 continere.
