3646 5342
1216 659 1285 708 RVH

289 814 440 899 carensis
480 814 661 914 episcopi,
698 813 759 913 qui
790 811 929 886 saeculo
956 809 1018 888 vl.
1046 811 1194 900 floruit,
1227 839 1311 912 opu·

286 935 425 1008 sculum
443 935 488 1008 de
506 941 648 1034 origine
667 934 870 1019 idolorum,
889 931 984 1033 quod
1003 933 1041 1005 in
1060 931 1215 1031 Reginae
1235 960 1306 1006 sve·

286 1082 346 1128 cae
374 1071 508 1129 vetusto
533 1055 652 1129 codice
677 1083 697 1130 a
722 1081 777 1128 me
805 1054 960 1142 lectum,
988 1069 1022 1126 et
1045 1079 1126 1126 cum
1151 1051 1303 1126 editione

287 1172 432 1248 Floresii
462 1172 604 1276 Hispan.
635 1203 719 1250 sacr.
754 1171 797 1248 T.
829 1173 910 1248 XV.
942 1202 975 1273 p.
1008 1173 1095 1270 425.
1130 1199 1303 1272 compara·

286 1310 393 1386 tum,
425 1313 496 1368 tam
525 1297 657 1370 varium
683 1296 826 1396 reperi,
857 1295 893 1368 id
921 1313 972 1368 est
1000 1311 1071 1368 tam
1101 1311 1304 1395 corruptum

286 1415 325 1488 in
345 1415 521 1506 editione3
547 1417 673 1490 tamin
694 1391 813 1490 coilice
834 1443 963 1517 purum
983 1431 1085 1516 atque
1106 1415 1304 1504 sincerum,

282 1519 329 1608 ¹ut
358 1533 474 1638 denuo
505 1536 593 1636 typis
624 1535 819 1636 imprimere
850 1563 989 1609 necesse
1022 1535 1136 1610 suerit.
1162 1531 1305 1606 Etenim

287 1653 461 1730 Floresius
483 1673 518 1731 et
543 1657 701 1758 opusculi
725 1657 972 1758 prohoemium.
985 1656 1103 1730 nescio
1124 1683 1194 1757 quo
1221 1681 1303 1728 casu

287 1776 423 1867 omisit,
450 1793 485 1850 et
511 1778 625 1879 ipsum
655 1779 779 1878 passim
809 1761 944 1852 textum
974 1777 1082 1852 foedis
1113 1777 1198 1850 adeo
1230 1791 1302 1850 tur-

286 1894 455 1995 pibusque
477 1896 611 1970 mendis
638 1897 860 1999 inquinatum
886 1896 1005 1986 dedit,
1032 1894 1227 1970 cuiusmodi
1255 1921 1302 1967 ne

287 2014 325 2087 in
354 2015 468 2088 tirone
492 2015 656 2116 quidem,
682 2017 814 2089 nedum
841 2016 878 2088 in
907 2031 1002 2088 tanto
1027 2015 1219 2088 litterarum
1243 2013 1302 2086 he·

287 2149 369 2224 roe,
396 2163 507 2235 aequo
532 2135 647 2209 animo
671 2137 760 2210 serre
785 2136 876 2210 licet.
906 2133 1122 2236 Ceteroquin
1150 2135 1188 2206 in
1210 2134 1305 2208 codi-

288 2283 329 2328 ce
359 2257 516 2330 vaticano
540 2283 619 2356 pars
645 2257 803 2358 opusculi
830 2274 1004 2358 postrema
1031 2257 1170 2353 deerat3
1197 2282 1305 2358 quam

288 2403 351 2473 ego
382 2403 425 2448 ex
454 2375 483 2448 F
486 2376 610 2450 loresio
640 2377 684 2450 ad
715 2405 833 2452 meum
863 2378 991 2452 librum
1022 2377 1208 2450 transferre
1241 2403 1303 2448 no-

288 2495 366 2592 lui3
390 2497 543 2598 primum
567 2497 650 2599 quia
679 2495 708 2570 F
710 2498 875 2572 loresium
911 2497 1237 2586 mendosissimum,
1264 2513 1305 2570 ut

288 2613 360 2686 dixi
388 2643 460 2690 esse
491 2617 699 2713 semebam3
730 2617 858 2692 deinde
886 2618 968 2719 quia
987 2646 1063 2718 pars
1083 2645 1171 2718 quae
1192 2616 1230 2688 in
1250 2645 1305 2690 va·

287 2735 405 2810 ticano
437 2737 557 2811 codice
585 2737 823 2828 desideratur,
854 2739 898 2811 ad
930 2739 1173 2838 mythologism
1202 2737 1302 2810 nullo

289 2857 392 2930 modo
419 2859 578 2957 pertinet.

367 2975 461 3052 Haeo
492 2979 535 3051 de
564 2979 726 3052 vaticanis
754 2978 1007 3080 mythographis
1035 2977 1181 3078 praeseri
1205 3005 1302 3076 opor·

290 3093 376 3168 tuit.
414 3094 539 3170 Cetera
572 3099 665 3172 enim
697 3097 880 3172 voluminis
909 3097 976 3170 mei
1008 3096 1199 3196 opuscula,
1231 3097 1300 3168 suis

290 3242 446 3316 quaeque
467 3215 550 3290 locis
567 3219 692 3291 idoneo
712 3219 918 3320 proprioque
946 3217 1145 3318 prohoemio
1167 3215 1302 3290 lectori·

290 3332 355 3406 bus
380 3335 676 3412 commendantur.
